@ARTICLE{astropy2,
   author = {{Astropy Collaboration} and {Price-Whelan}, A.~M. and {Sip{\H o}cz}, B.~M. and 
	{G{\"u}nther}, H.~M. and {Lim}, P.~L. and {Crawford}, S.~M. and 
	{Conseil}, S. and {Shupe}, D.~L. and {Craig}, M.~W. and {Dencheva}, N. and 
	{Ginsburg}, A. and {VanderPlas}, J.~T. and {Bradley}, L.~D. and 
	{P{\'e}rez-Su{\'a}rez}, D. and {de Val-Borro}, M. and {Aldcroft}, T.~L. and 
	{Cruz}, K.~L. and {Robitaille}, T.~P. and {Tollerud}, E.~J. and 
	{Ardelean}, C. and {Babej}, T. and {Bach}, Y.~P. and {Bachetti}, M. and 
	{Bakanov}, A.~V. and {Bamford}, S.~P. and {Barentsen}, G. and 
	{Barmby}, P. and {Baumbach}, A. and {Berry}, K.~L. and {Biscani}, F. and 
	{Boquien}, M. and {Bostroem}, K.~A. and {Bouma}, L.~G. and {Brammer}, G.~B. and 
	{Bray}, E.~M. and {Breytenbach}, H. and {Buddelmeijer}, H. and 
	{Burke}, D.~J. and {Calderone}, G. and {Cano Rodr{\'{\i}}guez}, J.~L. and 
	{Cara}, M. and {Cardoso}, J.~V.~M. and {Cheedella}, S. and {Copin}, Y. and 
	{Corrales}, L. and {Crichton}, D. and {D'Avella}, D. and {Deil}, C. and 
	{Depagne}, {\'E}. and {Dietrich}, J.~P. and {Donath}, A. and 
	{Droettboom}, M. and {Earl}, N. and {Erben}, T. and {Fabbro}, S. and 
	{Ferreira}, L.~A. and {Finethy}, T. and {Fox}, R.~T. and {Garrison}, L.~H. and 
	{Gibbons}, S.~L.~J. and {Goldstein}, D.~A. and {Gommers}, R. and 
	{Greco}, J.~P. and {Greenfield}, P. and {Groener}, A.~M. and 
	{Grollier}, F. and {Hagen}, A. and {Hirst}, P. and {Homeier}, D. and 
	{Horton}, A.~J. and {Hosseinzadeh}, G. and {Hu}, L. and {Hunkeler}, J.~S. and 
	{Ivezi{\'c}}, {\v Z}. and {Jain}, A. and {Jenness}, T. and {Kanarek}, G. and 
	{Kendrew}, S. and {Kern}, N.~S. and {Kerzendorf}, W.~E. and 
	{Khvalko}, A. and {King}, J. and {Kirkby}, D. and {Kulkarni}, A.~M. and 
	{Kumar}, A. and {Lee}, A. and {Lenz}, D. and {Littlefair}, S.~P. and 
	{Ma}, Z. and {Macleod}, D.~M. and {Mastropietro}, M. and {McCully}, C. and 
	{Montagnac}, S. and {Morris}, B.~M. and {Mueller}, M. and {Mumford}, S.~J. and 
	{Muna}, D. and {Murphy}, N.~A. and {Nelson}, S. and {Nguyen}, G.~H. and 
	{Ninan}, J.~P. and {N{\"o}the}, M. and {Ogaz}, S. and {Oh}, S. and 
	{Parejko}, J.~K. and {Parley}, N. and {Pascual}, S. and {Patil}, R. and 
	{Patil}, A.~A. and {Plunkett}, A.~L. and {Prochaska}, J.~X. and 
	{Rastogi}, T. and {Reddy Janga}, V. and {Sabater}, J. and {Sakurikar}, P. and 
	{Seifert}, M. and {Sherbert}, L.~E. and {Sherwood-Taylor}, H. and 
	{Shih}, A.~Y. and {Sick}, J. and {Silbiger}, M.~T. and {Singanamalla}, S. and 
	{Singer}, L.~P. and {Sladen}, P.~H. and {Sooley}, K.~A. and 
	{Sornarajah}, S. and {Streicher}, O. and {Teuben}, P. and {Thomas}, S.~W. and 
	{Tremblay}, G.~R. and {Turner}, J.~E.~H. and {Terr{\'o}n}, V. and 
	{van Kerkwijk}, M.~H. and {de la Vega}, A. and {Watkins}, L.~L. and 
	{Weaver}, B.~A. and {Whitmore}, J.~B. and {Woillez}, J. and 
	{Zabalza}, V. and {Astropy Contributors}},
    title = "{The Astropy Project: Building an Open-science Project and Status of the v2.0 Core Package}",
  journal = {\aj},
archivePrefix = "arXiv",
   eprint = {1801.02634},
 primaryClass = "astro-ph.IM",
 keywords = {methods: data analysis, methods: miscellaneous, methods: statistical, reference systems },
     year = 2018,
    month = sep,
   volume = 156,
      eid = {123},
    pages = {123},
      doi = {10.3847/1538-3881/aabc4f},
   adsurl = {http://adsabs.harvard.edu/abs/2018AJ....156..123A},
  adsnote = {Provided by the SAO/NASA Astrophysics Data System}
}





@ARTICLE{astropy1,
   author = {{Astropy Collaboration} and {Robitaille}, T.~P. and {Tollerud}, E.~J. and 
	{Greenfield}, P. and {Droettboom}, M. and {Bray}, E. and {Aldcroft}, T. and 
	{Davis}, M. and {Ginsburg}, A. and {Price-Whelan}, A.~M. and 
	{Kerzendorf}, W.~E. and {Conley}, A. and {Crighton}, N. and 
	{Barbary}, K. and {Muna}, D. and {Ferguson}, H. and {Grollier}, F. and 
	{Parikh}, M.~M. and {Nair}, P.~H. and {Unther}, H.~M. and {Deil}, C. and 
	{Woillez}, J. and {Conseil}, S. and {Kramer}, R. and {Turner}, J.~E.~H. and 
	{Singer}, L. and {Fox}, R. and {Weaver}, B.~A. and {Zabalza}, V. and 
	{Edwards}, Z.~I. and {Azalee Bostroem}, K. and {Burke}, D.~J. and 
	{Casey}, A.~R. and {Crawford}, S.~M. and {Dencheva}, N. and 
	{Ely}, J. and {Jenness}, T. and {Labrie}, K. and {Lim}, P.~L. and 
	{Pierfederici}, F. and {Pontzen}, A. and {Ptak}, A. and {Refsdal}, B. and 
	{Servillat}, M. and {Streicher}, O.},
    title = "{Astropy: A community Python package for astronomy}",
  journal = {\aap},
archivePrefix = "arXiv",
   eprint = {1307.6212},
 primaryClass = "astro-ph.IM",
 keywords = {methods: data analysis, methods: miscellaneous, virtual observatory tools},
     year = 2013,
    month = oct,
   volume = 558,
      eid = {A33},
    pages = {A33},
      doi = {10.1051/0004-6361/201322068},
   adsurl = {http://adsabs.harvard.edu/abs/2013A%26A...558A..33A},
  adsnote = {Provided by the SAO/NASA Astrophysics Data System}
}


@ARTICLE{2019MNRAS.484.1317K,
       author = {{Kuuttila}, J. and {Gilfanov}, M. and {Seitenzahl}, I.~R. and {Woods},
        T.~E. and {Vogt}, F.~P.~A.},
        title = "{Excluding supersoft X-ray sources as progenitors for four Type Ia supernovae in the Large Magellanic Cloud}",
      journal = {\mnras},
     keywords = {supernovae: general, white dwarfs, ISM: supernova remnants, X-rays: binaries, Astrophysics - High Energy Astrophysical Phenomena},
         year = 2019,
        month = Mar,
       volume = {484},
        pages = {1317-1324},
          doi = {10.1093/mnras/stz065},
archivePrefix = {arXiv},
       eprint = {1812.08799},
 primaryClass = {astro-ph.HE},
       adsurl = {https://ui.adsabs.harvard.edu/\#abs/2019MNRAS.484.1317K},
      adsnote = {Provided by the SAO/NASA Astrophysics Data System}
}

@ARTICLE{2019MNRAS.tmp..115W,
       author = {{Wygoda}, Nahliel and {Elbaz}, Yonatan and {Katz}, Boaz},
        title = "{Type Ia supernovae have two physical width-luminosity relations and they favor sub-Chandrasekhar and direct collision models - II. Color evolution}",
      journal = {\mnras},
     keywords = {radiative transfer, Supernovae: Type Ia, Astrophysics - High Energy Astrophysical Phenomena},
         year = 2019,
        month = Jan,
        pages = {115},
          doi = {10.1093/mnras/stz146},
archivePrefix = {arXiv},
       eprint = {1805.06907},
 primaryClass = {astro-ph.HE},
       adsurl = {https://ui.adsabs.harvard.edu/\#abs/2019MNRAS.tmp..115W},
      adsnote = {Provided by the SAO/NASA Astrophysics Data System}
}

@ARTICLE{2019arXiv190111438L,
       author = {{Leung}, Shing-Chi and {Nomoto}, Ken'ichi and {Suzuki}, Tomoharu},
        title = "{Electron Capture Supernovae of Super-AGB Stars: Dependence on Central Density and Flame Physics}",
      journal = {arXiv e-prints},
     keywords = {Astrophysics - High Energy Astrophysical Phenomena},
         year = 2019,
        month = Jan,
          eid = {arXiv:1901.11438},
        pages = {arXiv:1901.11438},
archivePrefix = {arXiv},
       eprint = {1901.11438},
 primaryClass = {astro-ph.HE},
       adsurl = {https://ui.adsabs.harvard.edu/\#abs/2019arXiv190111438L},
      adsnote = {Provided by the SAO/NASA Astrophysics Data System}
}

@ARTICLE{2019arXiv190105461T,
       author = {{Takaro}, Tyler and {Foley}, Ryan J. and {McCully}, Curtis and {Fong},
        Wen-fai and {Jha}, Saurabh W. and {Narayan}, Gautham and {Rest},
        Armin and {Stritzinger}, Maximilian and {McKinnon}, Kevin},
        title = "{Constraining Type Iax Supernova Progenitor Systems with Stellar Population Aging}",
      journal = {arXiv e-prints},
     keywords = {Astrophysics - High Energy Astrophysical Phenomena, Astrophysics - Solar and Stellar Astrophysics},
         year = 2019,
        month = Jan,
          eid = {arXiv:1901.05461},
        pages = {arXiv:1901.05461},
archivePrefix = {arXiv},
       eprint = {1901.05461},
 primaryClass = {astro-ph.HE},
       adsurl = {https://ui.adsabs.harvard.edu/\#abs/2019arXiv190105461T},
      adsnote = {Provided by the SAO/NASA Astrophysics Data System}
}

@ARTICLE{2019arXiv190104512W,
       author = {{Wong}, Tin Long Sunny and {Schwab}, Josiah},
        title = "{Evolution of Helium Star - White Dwarf Binaries Leading up to Thermonuclear Supernovae}",
      journal = {arXiv e-prints},
     keywords = {Astrophysics - Solar and Stellar Astrophysics, Astrophysics - High Energy Astrophysical Phenomena},
         year = 2019,
        month = Jan,
          eid = {arXiv:1901.04512},
        pages = {arXiv:1901.04512},
archivePrefix = {arXiv},
       eprint = {1901.04512},
 primaryClass = {astro-ph.SR},
       adsurl = {https://ui.adsabs.harvard.edu/\#abs/2019arXiv190104512W},
      adsnote = {Provided by the SAO/NASA Astrophysics Data System}
}

@ARTICLE{2019arXiv190100215W,
       author = {{Woosley}, S.~E.},
        title = "{The Evolution of Massive Helium Stars Including Mass Loss}",
      journal = {arXiv e-prints},
     keywords = {Astrophysics - Solar and Stellar Astrophysics},
         year = 2019,
        month = Jan,
          eid = {arXiv:1901.00215},
        pages = {arXiv:1901.00215},
archivePrefix = {arXiv},
       eprint = {1901.00215},
 primaryClass = {astro-ph.SR},
       adsurl = {https://ui.adsabs.harvard.edu/\#abs/2019arXiv190100215W},
      adsnote = {Provided by the SAO/NASA Astrophysics Data System}
}

@ARTICLE{2018MNRAS.481.1908K,
       author = {{Kruckow}, Matthias U. and {Tauris}, Thomas M. and {Langer}, Norbert and
        {Kramer}, Michael and {Izzard}, Robert G.},
        title = "{Progenitors of gravitational wave mergers: binary evolution with the stellar grid-based code COMBINE}",
      journal = {\mnras},
     keywords = {gravitational waves, binaries: close, stars: evolution, gamma-ray burst: general, stars: neutron, Astrophysics - Solar and Stellar Astrophysics, Astrophysics - Cosmology and Nongalactic Astrophysics, Astrophysics - High Energy Astrophysical Phenomena},
         year = 2018,
        month = Dec,
       volume = {481},
        pages = {1908-1949},
          doi = {10.1093/mnras/sty2190},
archivePrefix = {arXiv},
       eprint = {1801.05433},
 primaryClass = {astro-ph.SR},
       adsurl = {https://ui.adsabs.harvard.edu/\#abs/2018MNRAS.481.1908K},
      adsnote = {Provided by the SAO/NASA Astrophysics Data System}
}

@ARTICLE{2018arXiv181208793Z,
       author = {{Zhang}, Michael and {Fuller}, Jim and {Schwab}, Josiah and {Foley},
        Ryan},
        title = "{The long-term evolution and appearance of Type Iax postgenitor stars}",
      journal = {arXiv e-prints},
     keywords = {Astrophysics - Solar and Stellar Astrophysics},
         year = 2018,
        month = Dec,
          eid = {arXiv:1812.08793},
        pages = {arXiv:1812.08793},
archivePrefix = {arXiv},
       eprint = {1812.08793},
 primaryClass = {astro-ph.SR},
       adsurl = {https://ui.adsabs.harvard.edu/\#abs/2018arXiv181208793Z},
      adsnote = {Provided by the SAO/NASA Astrophysics Data System}
}

@ARTICLE{2018arXiv181208695M,
       author = {{Magee}, M.~R. and {Sim}, S.~A. and {Kotak}, R. and {Maguire}, K. and
        {Boyle}, A.},
        title = "{Detecting the signatures of helium in type Iax supernovae}",
      journal = {arXiv e-prints},
     keywords = {Astrophysics - High Energy Astrophysical Phenomena, Astrophysics - Solar and Stellar Astrophysics},
         year = 2018,
        month = Dec,
          eid = {arXiv:1812.08695},
        pages = {arXiv:1812.08695},
archivePrefix = {arXiv},
       eprint = {1812.08695},
 primaryClass = {astro-ph.HE},
       adsurl = {https://ui.adsabs.harvard.edu/\#abs/2018arXiv181208695M},
      adsnote = {Provided by the SAO/NASA Astrophysics Data System}
}

@ARTICLE{2018arXiv181208230J,
       author = {{Jones}, S. and {Roepke}, F.~K. and {Fryer}, C. and {Ruiter}, A.~J. and
        {Seitenzahl}, I.~R. and {Nittler}, L.~R. and {Ohlmann}, S.~T.
        and {Reifarth}, R. and {Pignatari}, M. and {Belczynski}, K.},
        title = "{Remnants and ejecta of thermonuclear electron-capture supernovae: Constraining oxygen-neon deflagrations in high-density white dwarfs}",
      journal = {arXiv e-prints},
     keywords = {Astrophysics - Solar and Stellar Astrophysics, Astrophysics - High Energy Astrophysical Phenomena},
         year = 2018,
        month = Dec,
          eid = {arXiv:1812.08230},
        pages = {arXiv:1812.08230},
archivePrefix = {arXiv},
       eprint = {1812.08230},
 primaryClass = {astro-ph.SR},
       adsurl = {https://ui.adsabs.harvard.edu/\#abs/2018arXiv181208230J},
      adsnote = {Provided by the SAO/NASA Astrophysics Data System}
}

@ARTICLE{2018arXiv181207569L,
       author = {{Lyutikov}, Maxim and {Toonen}, Silvia},
        title = "{FBOTs and AT2018cow following electron-capture collapse of merged white dwarfs}",
      journal = {arXiv e-prints},
     keywords = {Astrophysics - High Energy Astrophysical Phenomena},
         year = 2018,
        month = Dec,
          eid = {arXiv:1812.07569},
        pages = {arXiv:1812.07569},
archivePrefix = {arXiv},
       eprint = {1812.07569},
 primaryClass = {astro-ph.HE},
       adsurl = {https://ui.adsabs.harvard.edu/\#abs/2018arXiv181207569L},
      adsnote = {Provided by the SAO/NASA Astrophysics Data System}
}

@ARTICLE{2018arXiv181207175T,
       author = {{Takahashi}, K. and {Sumiyoshi}, K. and {Yamada}, S. and {Umeda}, H. and
        {Yoshida}, T.},
        title = "{The Evolution towards Electron-capture Supernovae: the Flame Propagation and the Pre-bounce Electron-neutrino Radiation}",
      journal = {arXiv e-prints},
     keywords = {Astrophysics - High Energy Astrophysical Phenomena},
         year = 2018,
        month = Dec,
          eid = {arXiv:1812.07175},
        pages = {arXiv:1812.07175},
archivePrefix = {arXiv},
       eprint = {1812.07175},
 primaryClass = {astro-ph.HE},
       adsurl = {https://ui.adsabs.harvard.edu/\#abs/2018arXiv181207175T},
      adsnote = {Provided by the SAO/NASA Astrophysics Data System}
}

@ARTICLE{2018ApJ...869..140K,
       author = {{Kashyap}, Rahul and {Haque}, Tazkera and {Lor{\'e}n-Aguilar}, Pablo and
        {Garc{\'\i}a-Berro}, Enrique and {Fisher}, Robert},
        title = "{Double-degenerate Carbon─Oxygen and Oxygen─Neon White Dwarf Mergers: A New Mechanism for Faint and Rapid Type Ia Supernovae}",
      journal = {\apj},
     keywords = {hydrodynamics, supernovae: general, supernovae: individual: 2002cx, 2008ha, white dwarfs, Astrophysics - Solar and Stellar Astrophysics},
         year = 2018,
        month = Dec,
       volume = {869},
          eid = {140},
        pages = {140},
          doi = {10.3847/1538-4357/aaedb7},
archivePrefix = {arXiv},
       eprint = {1811.00013},
 primaryClass = {astro-ph.SR},
       adsurl = {https://ui.adsabs.harvard.edu/\#abs/2018ApJ...869..140K},
      adsnote = {Provided by the SAO/NASA Astrophysics Data System}
}

@ARTICLE{2018arXiv181107127P,
       author = {{Polin}, Abigail and {Nugent}, Peter and {Kasen}, Daniel},
        title = "{Observational Predictions for Sub-Chandrasekhar Mass Explosions: Further Evidence for Multiple Progenitor Systems for Type Ia Supernovae}",
      journal = {arXiv e-prints},
     keywords = {Astrophysics - High Energy Astrophysical Phenomena, Astrophysics - Solar and Stellar Astrophysics},
         year = 2018,
        month = Nov,
          eid = {arXiv:1811.07127},
        pages = {arXiv:1811.07127},
archivePrefix = {arXiv},
       eprint = {1811.07127},
 primaryClass = {astro-ph.HE},
       adsurl = {https://ui.adsabs.harvard.edu/\#abs/2018arXiv181107127P},
      adsnote = {Provided by the SAO/NASA Astrophysics Data System}
}

@ARTICLE{2018arXiv181013002S,
       author = {{Schwab}, Josiah and {Akira Rocha}, Kyle},
        title = "{Residual Carbon in Oxygen-Neon White Dwarfs and its Implications for Accretion-Induced Collapse}",
      journal = {arXiv e-prints},
     keywords = {Astrophysics - Solar and Stellar Astrophysics, Astrophysics - High Energy Astrophysical Phenomena},
         year = 2018,
        month = Oct,
          eid = {arXiv:1810.13002},
        pages = {arXiv:1810.13002},
archivePrefix = {arXiv},
       eprint = {1810.13002},
 primaryClass = {astro-ph.SR},
       adsurl = {https://ui.adsabs.harvard.edu/\#abs/2018arXiv181013002S},
      adsnote = {Provided by the SAO/NASA Astrophysics Data System}
}

@ARTICLE{2018ApJ...861..143L,
       author = {{Leung}, Shing-Chi and {Nomoto}, Ken'ichi},
        title = "{Explosive Nucleosynthesis in Near-Chandrasekhar-mass White Dwarf Models for Type Ia Supernovae: Dependence on Model Parameters}",
      journal = {\apj},
     keywords = {hydrodynamics, nuclear reactions, nucleosynthesis, abundances, supernovae: general, Astrophysics - Solar and Stellar Astrophysics, Astrophysics - High Energy Astrophysical Phenomena},
         year = 2018,
        month = Jul,
       volume = {861},
          eid = {143},
        pages = {143},
          doi = {10.3847/1538-4357/aac2df},
archivePrefix = {arXiv},
       eprint = {1710.04254},
 primaryClass = {astro-ph.SR},
       adsurl = {https://ui.adsabs.harvard.edu/\#abs/2018ApJ...861..143L},
      adsnote = {Provided by the SAO/NASA Astrophysics Data System}
}

@ARTICLE{mesa4,
       author = {{Paxton}, Bill and {Schwab}, Josiah and {Bauer}, Evan B. and {Bildsten},
        Lars and {Blinnikov}, Sergei and {Duffell}, Paul and {Farmer},
        R. and {Goldberg}, Jared A. and {Marchant}, Pablo and
        {Sorokina}, Elena and {Thoul}, Anne and {Townsend}, Richard
        H.~D. and {Timmes}, F.~X.},
        title = "{Modules for Experiments in Stellar Astrophysics (MESA): Convective Boundaries, Element Diffusion, and Massive Star Explosions}",
      journal = {The Astrophysical Journal Supplement Series},
     keywords = {convection, diffusion, hydrodynamics, methods: numerical, stars: evolution, supernovae: general, Astrophysics - Solar and Stellar Astrophysics, Astrophysics - High Energy Astrophysical Phenomena},
         year = 2018,
        month = Feb,
       volume = {234},
          eid = {34},
        pages = {34},
          doi = {10.3847/1538-4365/aaa5a8},
archivePrefix = {arXiv},
       eprint = {1710.08424},
 primaryClass = {astro-ph.SR},
       adsurl = {https://ui.adsabs.harvard.edu/\#abs/2018ApJS..234...34P},
      adsnote = {Provided by the SAO/NASA Astrophysics Data System}
}

@ARTICLE{2017MNRAS.472.3390S,
       author = {{Schwab}, Josiah and {Bildsten}, Lars and {Quataert}, Eliot},
        title = "{The importance of Urca-process cooling in accreting ONe white dwarfs}",
      journal = {\mnras},
     keywords = {stars: evolution, white dwarfs, Astrophysics - Solar and Stellar Astrophysics, Astrophysics - High Energy Astrophysical Phenomena},
         year = 2017,
        month = Dec,
       volume = {472},
        pages = {3390-3406},
          doi = {10.1093/mnras/stx2169},
archivePrefix = {arXiv},
       eprint = {1708.07514},
 primaryClass = {astro-ph.SR},
       adsurl = {https://ui.adsabs.harvard.edu/\#abs/2017MNRAS.472.3390S},
      adsnote = {Provided by the SAO/NASA Astrophysics Data System}
}

@ARTICLE{2017ApJ...850..127B,
       author = {{Brooks}, Jared and {Schwab}, Josiah and {Bildsten}, Lars and
        {Quataert}, Eliot and {Paxton}, Bill and {Blinnikov}, Sergei and
        {Sorokina}, Elena},
        title = "{Fast and Luminous Transients from the Explosions of Long-lived Massive White Dwarf Merger Remnants}",
      journal = {\apj},
     keywords = {binaries: close, supernovae: general, white dwarfs, Astrophysics - Solar and Stellar Astrophysics, Astrophysics - High Energy Astrophysical Phenomena},
         year = 2017,
        month = Dec,
       volume = {850},
          eid = {127},
        pages = {127},
          doi = {10.3847/1538-4357/aa9568},
archivePrefix = {arXiv},
       eprint = {1710.09464},
 primaryClass = {astro-ph.SR},
       adsurl = {https://ui.adsabs.harvard.edu/\#abs/2017ApJ...850..127B},
      adsnote = {Provided by the SAO/NASA Astrophysics Data System}
}

@ARTICLE{2017ApJ...846..170T,
       author = {{Tauris}, T.~M. and {Kramer}, M. and {Freire}, P.~C.~C. and {Wex}, N.
        and {Janka}, H. -T. and {Langer}, N. and {Podsiadlowski}, Ph.
        and {Bozzo}, E. and {Chaty}, S. and {Kruckow}, M.~U. and {van
        den Heuvel}, E.~P.~J. and {Antoniadis}, J. and {Breton}, R.~P.
        and {Champion}, D.~J.},
        title = "{Formation of Double Neutron Star Systems}",
      journal = {\apj},
     keywords = {gravitational waves, pulsars: general, stars: mass-loss, stars: neutron, supernovae: general, X-rays: binaries, Astrophysics - High Energy Astrophysical Phenomena, Astrophysics - Solar and Stellar Astrophysics},
         year = 2017,
        month = Sep,
       volume = {846},
          eid = {170},
        pages = {170},
          doi = {10.3847/1538-4357/aa7e89},
archivePrefix = {arXiv},
       eprint = {1706.09438},
 primaryClass = {astro-ph.HE},
       adsurl = {https://ui.adsabs.harvard.edu/\#abs/2017ApJ...846..170T},
      adsnote = {Provided by the SAO/NASA Astrophysics Data System}
}

@ARTICLE{2017ApJ...841...64Z,
       author = {{Zheng}, WeiKang and {Filippenko}, Alexei V. and {Mauerhan}, Jon and
        {Graham}, Melissa L. and {Yuk}, Heechan and {Hosseinzadeh},
        Griffin and {Silverman}, Jeffrey M. and {Rui}, Liming and
        {Arbour}, Ron and {Foley}, Ryan J. and {Abolfathi}, Bela and
        {Abramson}, Louis E. and {Arcavi}, Iair and {Barth}, Aaron J.
        and {Bennert}, Vardha N. and {Brandel}, Andrew P. and {Cooper},
        Michael C. and {Cosens}, Maren and {Fillingham}, Sean P. and
        {Fulton}, Benjamin J. and {Halevi}, Goni and {Howell}, D. Andrew
        and {Hsyu}, Tiffany and {Kelly}, Patrick L. and {Kumar}, Sahana
        and {Li}, Linyi and {Li}, Wenxiong and {Malkan}, Matthew A. and
        {Manzano-King}, Christina and {McCully}, Curtis and {Nugent},
        Peter E. and {Pan}, Yen-Chen and {Pei}, Liuyi and {Scott}, Bryan
        and {Sexton}, Remington Oliver and {Shivvers}, Isaac and
        {Stahl}, Benjamin and {Treu}, Tommaso and {Valenti}, Stefano and
        {Vogler}, H. Alexander and {Walsh}, Jonelle L. and {Wang},
        Xiaofeng},
        title = "{Discovery and Follow-up Observations of the Young Type Ia Supernova 2016coj}",
      journal = {\apj},
     keywords = {supernovae: general, supernovae: individual: SN 2016coj, Astrophysics - Solar and Stellar Astrophysics, Astrophysics - Astrophysics of Galaxies, Astrophysics - High Energy Astrophysical Phenomena},
         year = 2017,
        month = May,
       volume = {841},
          eid = {64},
        pages = {64},
          doi = {10.3847/1538-4357/aa6dfa},
archivePrefix = {arXiv},
       eprint = {1611.09438},
 primaryClass = {astro-ph.SR},
       adsurl = {https://ui.adsabs.harvard.edu/\#abs/2017ApJ...841...64Z},
      adsnote = {Provided by the SAO/NASA Astrophysics Data System}
}

@ARTICLE{2017ApJ...834L...9B,
       author = {{Brooks}, Jared and {Schwab}, Josiah and {Bildsten}, Lars and
        {Quataert}, Eliot and {Paxton}, Bill},
        title = "{Convection Destroys the Core/Mantle Structure in Hybrid C/O/Ne White Dwarfs}",
      journal = {\apj},
     keywords = {supernovae: general, white dwarfs, Astrophysics - Solar and Stellar Astrophysics},
         year = 2017,
        month = Jan,
       volume = {834},
          eid = {L9},
        pages = {L9},
          doi = {10.3847/2041-8213/834/2/L9},
archivePrefix = {arXiv},
       eprint = {1611.03061},
 primaryClass = {astro-ph.SR},
       adsurl = {https://ui.adsabs.harvard.edu/\#abs/2017ApJ...834L...9B},
      adsnote = {Provided by the SAO/NASA Astrophysics Data System}
}

@ARTICLE{2016ApJ...832...71L,
       author = {{Lecoanet}, Daniel and {Schwab}, Josiah and {Quataert}, Eliot and
        {Bildsten}, Lars and {Timmes}, F.~X. and {Burns}, Keaton J. and
        {Vasil}, Geoffrey M. and {Oishi}, Jeffrey S. and {Brown},
        Benjamin P.},
        title = "{Turbulent Chemical Diffusion in Convectively Bounded Carbon Flames}",
      journal = {\apj},
     keywords = {convection, hydrodynamics, stars: interiors, turbulence, Astrophysics - Solar and Stellar Astrophysics, Physics - Fluid Dynamics},
         year = 2016,
        month = Nov,
       volume = {832},
          eid = {71},
        pages = {71},
          doi = {10.3847/0004-637X/832/1/71},
archivePrefix = {arXiv},
       eprint = {1603.08921},
 primaryClass = {astro-ph.SR},
       adsurl = {https://ui.adsabs.harvard.edu/\#abs/2016ApJ...832...71L},
      adsnote = {Provided by the SAO/NASA Astrophysics Data System}
}

@ARTICLE{2016ApJ...832...13W,
       author = {{Willcox}, Donald E. and {Townsley}, Dean M. and {Calder}, Alan C. and
        {Denissenkov}, Pavel A. and {Herwig}, Falk},
        title = "{Type Ia Supernova Explosions from Hybrid Carbon-Oxygen-Neon White Dwarf Progenitors}",
      journal = {\apj},
     keywords = {hydrodynamics, nuclear reactions, nucleosynthesis, abundances, supernovae: general, white dwarfs, Astrophysics - High Energy Astrophysical Phenomena, Astrophysics - Solar and Stellar Astrophysics},
         year = 2016,
        month = Nov,
       volume = {832},
          eid = {13},
        pages = {13},
          doi = {10.3847/0004-637X/832/1/13},
archivePrefix = {arXiv},
       eprint = {1602.06356},
 primaryClass = {astro-ph.HE},
       adsurl = {https://ui.adsabs.harvard.edu/\#abs/2016ApJ...832...13W},
      adsnote = {Provided by the SAO/NASA Astrophysics Data System}
}

@ARTICLE{2016ApJ...831...13D,
       author = {{Deibel}, Alex and {Meisel}, Zach and {Schatz}, Hendrik and {Brown},
        Edward F. and {Cumming}, Andrew},
        title = "{Urca Cooling Pairs in the Neutron Star Ocean and Their Effect on Superbursts}",
      journal = {\apj},
     keywords = {dense matter, stars: neutron, X-rays: binaries, X-rays: bursts, Astrophysics - High Energy Astrophysical Phenomena},
         year = 2016,
        month = Nov,
       volume = {831},
          eid = {13},
        pages = {13},
          doi = {10.3847/0004-637X/831/1/13},
archivePrefix = {arXiv},
       eprint = {1603.01281},
 primaryClass = {astro-ph.HE},
       adsurl = {https://ui.adsabs.harvard.edu/\#abs/2016ApJ...831...13D},
      adsnote = {Provided by the SAO/NASA Astrophysics Data System}
}

@ARTICLE{2016MNRAS.460..742M,
       author = {{M{\"u}ller}, Bernhard and {Heger}, Alexander and {Liptai}, David and
        {Cameron}, Joshua B.},
        title = "{A simple approach to the supernova progenitor-explosion connection}",
      journal = {\mnras},
     keywords = {stars: evolution, stars: massive, supernovae: general, Astrophysics - Solar and Stellar Astrophysics, Astrophysics - High Energy Astrophysical Phenomena},
         year = 2016,
        month = Jul,
       volume = {460},
        pages = {742-764},
          doi = {10.1093/mnras/stw1083},
archivePrefix = {arXiv},
       eprint = {1602.05956},
 primaryClass = {astro-ph.SR},
       adsurl = {https://ui.adsabs.harvard.edu/\#abs/2016MNRAS.460..742M},
      adsnote = {Provided by the SAO/NASA Astrophysics Data System}
}

@ARTICLE{2016MNRAS.458.1999P,
       author = {{Petrov}, Blagovest and {Vink}, Jorick S. and {Gr{\"a}fener}, G{\"o}tz},
        title = "{Two bi-stability jumps in theoretical wind models for massive stars and the implications for luminous blue variable supernovae}",
      journal = {\mnras},
     keywords = {stars: atmospheres, stars: mass-loss, supergiants, stars: winds, outflows, Astrophysics - Solar and Stellar Astrophysics},
         year = 2016,
        month = May,
       volume = {458},
        pages = {1999-2011},
          doi = {10.1093/mnras/stw382},
archivePrefix = {arXiv},
       eprint = {1602.05868},
 primaryClass = {astro-ph.SR},
       adsurl = {https://ui.adsabs.harvard.edu/\#abs/2016MNRAS.458.1999P},
      adsnote = {Provided by the SAO/NASA Astrophysics Data System}
}

@ARTICLE{2016A&A...589A..38B,
       author = {{Bravo}, E. and {Gil-Pons}, P. and {Guti{\'e}rrez}, J.~L. and {Doherty},
        C.~L.},
        title = "{Explosion of white dwarfs harboring hybrid CONe cores}",
      journal = {\aap},
     keywords = {stars: evolution, supernovae: general, white dwarfs, nuclear reactions, nucleosynthesis, abundances, hydrodynamics, Astrophysics - Solar and Stellar Astrophysics},
         year = 2016,
        month = May,
       volume = {589},
          eid = {A38},
        pages = {A38},
          doi = {10.1051/0004-6361/201527861},
archivePrefix = {arXiv},
       eprint = {1603.00641},
 primaryClass = {astro-ph.SR},
       adsurl = {https://ui.adsabs.harvard.edu/\#abs/2016A&A...589A..38B},
      adsnote = {Provided by the SAO/NASA Astrophysics Data System}
}

@ARTICLE{2016ApJ...821...38S,
       author = {{Sukhbold}, Tuguldur and {Ertl}, T. and {Woosley}, S.~E. and {Brown},
        Justin M. and {Janka}, H. -T.},
        title = "{Core-collapse Supernovae from 9 to 120 Solar Masses Based on Neutrino-powered Explosions}",
      journal = {\apj},
     keywords = {nuclear reactions, nucleosynthesis, abundances, stars: black holes, stars: massive, stars: neutron, supernovae: general, Astrophysics - High Energy Astrophysical Phenomena, Astrophysics - Solar and Stellar Astrophysics},
         year = 2016,
        month = Apr,
       volume = {821},
          eid = {38},
        pages = {38},
          doi = {10.3847/0004-637X/821/1/38},
archivePrefix = {arXiv},
       eprint = {1510.04643},
 primaryClass = {astro-ph.HE},
       adsurl = {https://ui.adsabs.harvard.edu/\#abs/2016ApJ...821...38S},
      adsnote = {Provided by the SAO/NASA Astrophysics Data System}
}

@ARTICLE{2016ApJ...818..124E,
       author = {{Ertl}, T. and {Janka}, H. -Th. and {Woosley}, S.~E. and {Sukhbold}, T.
        and {Ugliano}, M.},
        title = "{A Two-parameter Criterion for Classifying the Explodability of Massive Stars by the Neutrino-driven Mechanism}",
      journal = {\apj},
     keywords = {hydrodynamics, neutrinos, stars: massive, supernovae: general, Astrophysics - Solar and Stellar Astrophysics, Astrophysics - High Energy Astrophysical Phenomena, Nuclear Theory},
         year = 2016,
        month = Feb,
       volume = {818},
          eid = {124},
        pages = {124},
          doi = {10.3847/0004-637X/818/2/124},
archivePrefix = {arXiv},
       eprint = {1503.07522},
 primaryClass = {astro-ph.SR},
       adsurl = {https://ui.adsabs.harvard.edu/\#abs/2016ApJ...818..124E},
      adsnote = {Provided by the SAO/NASA Astrophysics Data System}
}

@ARTICLE{2016ApJ...817..163S,
       author = {{Suzuki}, Toshio and {Toki}, Hiroshi and {Nomoto}, Ken'ichi},
        title = "{Electron-capture and {\ensuremath{\beta}}-decay Rates for sd-Shell Nuclei in Stellar Environments Relevant to High-density O-Ne-Mg Cores}",
      journal = {\apj},
     keywords = {nuclear reactions, nucleosynthesis, abundances, stars: AGB and post-AGB, stars: evolution, supernovae: general, Astrophysics - Solar and Stellar Astrophysics, Nuclear Theory},
         year = 2016,
        month = Feb,
       volume = {817},
          eid = {163},
        pages = {163},
          doi = {10.3847/0004-637X/817/2/163},
archivePrefix = {arXiv},
       eprint = {1512.00132},
 primaryClass = {astro-ph.SR},
       adsurl = {https://ui.adsabs.harvard.edu/\#abs/2016ApJ...817..163S},
      adsnote = {Provided by the SAO/NASA Astrophysics Data System}
}

@ARTICLE{2015MNRAS.454.3816C,
       author = {{Childress}, Michael J. and {Hillier}, D. John and {Seitenzahl}, Ivo and
        {Sullivan}, Mark and {Maguire}, Kate and {Taubenberger}, Stefan
        and {Scalzo}, Richard and {Ruiter}, Ashley and {Blagorodnova},
        Nadejda and {Camacho}, Yssavo and {Castillo}, Jayden and {Elias-
        Rosa}, Nancy and {Fraser}, Morgan and {Gal-Yam}, Avishay and
        {Graham}, Melissa and {Howell}, D. Andrew and {Inserra}, Cosimo
        and {Jha}, Saurabh W. and {Kumar}, Sahana and {Mazzali}, Paolo
        A. and {McCully}, Curtis and {Morales-Garoffolo}, Antonia and
        {Pandya}, Viraj and {Polshaw}, Joe and {Schmidt}, Brian and
        {Smartt}, Stephen and {Smith}, Ken W. and {Sollerman}, Jesper
        and {Spyromilio}, Jason and {Tucker}, Brad and {Valenti},
        Stefano and {Walton}, Nicholas and {Wolf}, Christian and
        {Yaron}, Ofer and {Young}, D.~R. and {Yuan}, Fang and {Zhang},
        Bonnie},
        title = "{Measuring nickel masses in Type Ia supernovae using cobalt emission in nebular phase spectra}",
      journal = {\mnras},
     keywords = {supernovae: general, Astrophysics - High Energy Astrophysical Phenomena, Astrophysics - Solar and Stellar Astrophysics},
         year = 2015,
        month = Dec,
       volume = {454},
        pages = {3816-3842},
          doi = {10.1093/mnras/stv2173},
archivePrefix = {arXiv},
       eprint = {1507.02501},
 primaryClass = {astro-ph.HE},
       adsurl = {https://ui.adsabs.harvard.edu/\#abs/2015MNRAS.454.3816C},
      adsnote = {Provided by the SAO/NASA Astrophysics Data System}
}

@ARTICLE{2015MNRAS.453.1910S,
       author = {{Schwab}, Josiah and {Quataert}, Eliot and {Bildsten}, Lars},
        title = "{Thermal runaway during the evolution of ONeMg cores towards accretion-induced collapse}",
      journal = {\mnras},
     keywords = {stars: evolution, white dwarfs, Astrophysics - Solar and Stellar Astrophysics, Astrophysics - High Energy Astrophysical Phenomena},
         year = 2015,
        month = Oct,
       volume = {453},
        pages = {1910-1927},
          doi = {10.1093/mnras/stv1804},
archivePrefix = {arXiv},
       eprint = {1504.05194},
 primaryClass = {astro-ph.SR},
       adsurl = {https://ui.adsabs.harvard.edu/\#abs/2015MNRAS.453.1910S},
      adsnote = {Provided by the SAO/NASA Astrophysics Data System}
}

@ARTICLE{mesa3,
       author = {{Paxton}, Bill and {Marchant}, Pablo and {Schwab}, Josiah and {Bauer},
        Evan B. and {Bildsten}, Lars and {Cantiello}, Matteo and
        {Dessart}, Luc and {Farmer}, R. and {Hu}, H. and {Langer}, N.
        and {Townsend}, R.~H.~D. and {Townsley}, Dean M. and {Timmes},
        F.~X.},
        title = "{Modules for Experiments in Stellar Astrophysics (MESA): Binaries, Pulsations, and Explosions}",
      journal = {The Astrophysical Journal Supplement Series},
     keywords = {binaries: general, methods: numerical, nuclear reactions, nucleosynthesis, abundances, shock waves, stars: evolution, stars: oscillations, Astrophysics - Solar and Stellar Astrophysics},
         year = 2015,
        month = Sep,
       volume = {220},
          eid = {15},
        pages = {15},
          doi = {10.1088/0067-0049/220/1/15},
archivePrefix = {arXiv},
       eprint = {1506.03146},
 primaryClass = {astro-ph.SR},
       adsurl = {https://ui.adsabs.harvard.edu/\#abs/2015ApJS..220...15P},
      adsnote = {Provided by the SAO/NASA Astrophysics Data System}
}

@ARTICLE{2015MNRAS.451.2123T,
       author = {{Tauris}, Thomas M. and {Langer}, Norbert and {Podsiadlowski}, Philipp},
        title = "{Ultra-stripped supernovae: progenitors and fate}",
      journal = {\mnras},
     keywords = {binaries: close, stars: mass-loss, stars: neutron, supernovae: general, white dwarfs, X-rays: binaries, Astrophysics - Solar and Stellar Astrophysics, Astrophysics - High Energy Astrophysical Phenomena},
         year = 2015,
        month = Aug,
       volume = {451},
        pages = {2123-2144},
          doi = {10.1093/mnras/stv990},
archivePrefix = {arXiv},
       eprint = {1505.00270},
 primaryClass = {astro-ph.SR},
       adsurl = {https://ui.adsabs.harvard.edu/\#abs/2015MNRAS.451.2123T},
      adsnote = {Provided by the SAO/NASA Astrophysics Data System}
}

@ARTICLE{2015A&A...580A.118M,
       author = {{Marquardt}, Kai S. and {Sim}, Stuart A. and {Ruiter}, Ashley J. and
        {Seitenzahl}, Ivo R. and {Ohlmann}, Sebastian T. and {Kromer},
        Markus and {Pakmor}, R{\"u}diger and {R{\"o}pke}, Friedrich K.},
        title = "{Type Ia supernovae from exploding oxygen-neon white dwarfs}",
      journal = {\aap},
     keywords = {supernovae: general, nuclear reactions, nucleosynthesis, abundances, hydrodynamics, radiative transfer, white dwarfs, stars: evolution, Astrophysics - Solar and Stellar Astrophysics},
         year = 2015,
        month = Aug,
       volume = {580},
          eid = {A118},
        pages = {A118},
          doi = {10.1051/0004-6361/201525761},
archivePrefix = {arXiv},
       eprint = {1506.05809},
 primaryClass = {astro-ph.SR},
       adsurl = {https://ui.adsabs.harvard.edu/\#abs/2015A&A...580A.118M},
      adsnote = {Provided by the SAO/NASA Astrophysics Data System}
}

@ARTICLE{2015ApJ...807..184F,
       author = {{Farmer}, R. and {Fields}, C.~E. and {Timmes}, F.~X.},
        title = "{On Carbon Burning in Super Asymptotic Giant Branch Stars}",
      journal = {\apj},
     keywords = {stars: evolution, stars: interiors, stars: rotation, supernovae: general, Astrophysics - Solar and Stellar Astrophysics},
         year = 2015,
        month = Jul,
       volume = {807},
          eid = {184},
        pages = {184},
          doi = {10.1088/0004-637X/807/2/184},
archivePrefix = {arXiv},
       eprint = {1506.01093},
 primaryClass = {astro-ph.SR},
       adsurl = {https://ui.adsabs.harvard.edu/\#abs/2015ApJ...807..184F},
      adsnote = {Provided by the SAO/NASA Astrophysics Data System}
}

@ARTICLE{2015MNRAS.447.2696D,
       author = {{Denissenkov}, P.~A. and {Truran}, J.~W. and {Herwig}, F. and {Jones},
        S. and {Paxton}, B. and {Nomoto}, K. and {Suzuki}, T. and
        {Toki}, H.},
        title = "{Hybrid C-O-Ne white dwarfs as progenitors of Type Ia supernovae: dependence on Urca process and mixing assumptions}",
      journal = {\mnras},
     keywords = {methods: numerical, stars: evolution, stars: interiors, supernovae: general, white dwarfs, Astrophysics - Solar and Stellar Astrophysics},
         year = 2015,
        month = Mar,
       volume = {447},
        pages = {2696-2705},
          doi = {10.1093/mnras/stu2589},
archivePrefix = {arXiv},
       eprint = {1407.0248},
 primaryClass = {astro-ph.SR},
       adsurl = {https://ui.adsabs.harvard.edu/\#abs/2015MNRAS.447.2696D},
      adsnote = {Provided by the SAO/NASA Astrophysics Data System}
}

@ARTICLE{2014ApJ...797...83J,
       author = {{Jones}, Samuel and {Hirschi}, Raphael and {Nomoto}, Ken'ichi},
        title = "{The Final Fate of Stars that Ignite Neon and Oxygen Off-center: Electron Capture or Iron Core-collapse Supernova?}",
      journal = {\apj},
     keywords = {nuclear reactions, nucleosynthesis, abundances, stars: AGB and post-AGB, stars: evolution, stars: neutron, supernovae: general, Astrophysics - Solar and Stellar Astrophysics},
         year = 2014,
        month = Dec,
       volume = {797},
          eid = {83},
        pages = {83},
          doi = {10.1088/0004-637X/797/2/83},
archivePrefix = {arXiv},
       eprint = {1412.2878},
 primaryClass = {astro-ph.SR},
       adsurl = {https://ui.adsabs.harvard.edu/\#abs/2014ApJ...797...83J},
      adsnote = {Provided by the SAO/NASA Astrophysics Data System}
}

@ARTICLE{2014ApJ...789L..45M,
       author = {{Meng}, Xiangcun and {Podsiadlowski}, Philipp},
        title = "{The Birth Rate of SNe Ia from Hybrid CONe White Dwarfs}",
      journal = {\apj},
     keywords = {supernovae: general, white dwarfs, Astrophysics - Solar and Stellar Astrophysics},
         year = 2014,
        month = Jul,
       volume = {789},
          eid = {L45},
        pages = {L45},
          doi = {10.1088/2041-8205/789/2/L45},
archivePrefix = {arXiv},
       eprint = {1406.4208},
 primaryClass = {astro-ph.SR},
       adsurl = {https://ui.adsabs.harvard.edu/\#abs/2014ApJ...789L..45M},
      adsnote = {Provided by the SAO/NASA Astrophysics Data System}
}

@ARTICLE{2014MNRAS.440.1274C,
       author = {{Chen}, Michael C. and {Herwig}, Falk and {Denissenkov}, Pavel A. and
        {Paxton}, Bill},
        title = "{The dependence of the evolution of Type Ia SN progenitors on the C-burning rate uncertainty and parameters of convective boundary mixing}",
      journal = {\mnras},
     keywords = {methods: numerical, stars: AGB and post-AGB, stars: evolution, stars: interiors, white dwarfs, Astrophysics - Solar and Stellar Astrophysics},
         year = 2014,
        month = May,
       volume = {440},
        pages = {1274-1280},
          doi = {10.1093/mnras/stu108},
archivePrefix = {arXiv},
       eprint = {1310.1898},
 primaryClass = {astro-ph.SR},
       adsurl = {https://ui.adsabs.harvard.edu/\#abs/2014MNRAS.440.1274C},
      adsnote = {Provided by the SAO/NASA Astrophysics Data System}
}

@ARTICLE{2014ApJ...783...10S,
       author = {{Sukhbold}, Tuguldur and {Woosley}, S.~E.},
        title = "{The Compactness of Presupernova Stellar Cores}",
      journal = {\apj},
     keywords = {convection, nuclear reactions, nucleosynthesis, abundances, stars: evolution, stars: interiors, stars: neutron, supernovae: general, Astrophysics - Solar and Stellar Astrophysics, Astrophysics - High Energy Astrophysical Phenomena},
         year = 2014,
        month = Mar,
       volume = {783},
          eid = {10},
        pages = {10},
          doi = {10.1088/0004-637X/783/1/10},
archivePrefix = {arXiv},
       eprint = {1311.6546},
 primaryClass = {astro-ph.SR},
       adsurl = {https://ui.adsabs.harvard.edu/\#abs/2014ApJ...783...10S},
      adsnote = {Provided by the SAO/NASA Astrophysics Data System}
}

@ARTICLE{2013ApJ...778L..23T,
       author = {{Tauris}, T.~M. and {Langer}, N. and {Moriya}, T.~J. and
        {Podsiadlowski}, Ph. and {Yoon}, S. -C. and {Blinnikov}, S.~I.},
        title = "{Ultra-stripped Type Ic Supernovae from Close Binary Evolution}",
      journal = {\apj},
     keywords = {binaries: close, stars: mass-loss, stars: neutron, supernovae: general, supernovae: individual: SN 2005ek, X-rays: binaries, Astrophysics - Solar and Stellar Astrophysics, Astrophysics - Cosmology and Extragalactic Astrophysics, Astrophysics - High Energy Astrophysical Phenomena},
         year = 2013,
        month = Dec,
       volume = {778},
          eid = {L23},
        pages = {L23},
          doi = {10.1088/2041-8205/778/2/L23},
archivePrefix = {arXiv},
       eprint = {1310.6356},
 primaryClass = {astro-ph.SR},
       adsurl = {https://ui.adsabs.harvard.edu/\#abs/2013ApJ...778L..23T},
      adsnote = {Provided by the SAO/NASA Astrophysics Data System}
}

@ARTICLE{mesa2,
       author = {{Paxton}, Bill and {Cantiello}, Matteo and {Arras}, Phil and {Bildsten},
        Lars and {Brown}, Edward F. and {Dotter}, Aaron and {Mankovich},
        Christopher and {Montgomery}, M.~H. and {Stello}, Dennis and
        {Timmes}, F.~X. and {Townsend}, Richard},
        title = "{Modules for Experiments in Stellar Astrophysics (MESA): Planets, Oscillations, Rotation, and Massive Stars}",
      journal = {The Astrophysical Journal Supplement Series},
     keywords = {asteroseismology, methods: numerical, planets and satellites: physical evolution, stars: evolution, stars: massive, stars: rotation, Astrophysics - Solar and Stellar Astrophysics, Astrophysics - Instrumentation and Methods for Astrophysics},
         year = 2013,
        month = Sep,
       volume = {208},
          eid = {4},
        pages = {4},
          doi = {10.1088/0067-0049/208/1/4},
archivePrefix = {arXiv},
       eprint = {1301.0319},
 primaryClass = {astro-ph.SR},
       adsurl = {https://ui.adsabs.harvard.edu/\#abs/2013ApJS..208....4P},
      adsnote = {Provided by the SAO/NASA Astrophysics Data System}
}

@ARTICLE{2013ApJ...772...37D,
       author = {{Denissenkov}, P.~A. and {Herwig}, F. and {Truran}, J.~W. and {Paxton},
        B.},
        title = "{The C-flame Quenching by Convective Boundary Mixing in Super-AGB Stars and the Formation of Hybrid C/O/Ne White Dwarfs and SN Progenitors}",
      journal = {\apj},
     keywords = {methods: numerical, stars: AGB and post-AGB, stars: evolution, stars: interiors, Astrophysics - Solar and Stellar Astrophysics},
         year = 2013,
        month = Jul,
       volume = {772},
          eid = {37},
        pages = {37},
          doi = {10.1088/0004-637X/772/1/37},
archivePrefix = {arXiv},
       eprint = {1305.2649},
 primaryClass = {astro-ph.SR},
       adsurl = {https://ui.adsabs.harvard.edu/\#abs/2013ApJ...772...37D},
      adsnote = {Provided by the SAO/NASA Astrophysics Data System}
}

@ARTICLE{2013ApJ...771...28T,
       author = {{Takahashi}, Koh and {Yoshida}, Takashi and {Umeda}, Hideyuki},
        title = "{Evolution of Progenitors for Electron Capture Supernovae}",
      journal = {\apj},
     keywords = {nuclear reactions, nucleosynthesis, abundances, stars: evolution, stars: interiors, supernovae: general, Astrophysics - Solar and Stellar Astrophysics, Astrophysics - High Energy Astrophysical Phenomena},
         year = 2013,
        month = Jul,
       volume = {771},
          eid = {28},
        pages = {28},
          doi = {10.1088/0004-637X/771/1/28},
archivePrefix = {arXiv},
       eprint = {1302.6402},
 primaryClass = {astro-ph.SR},
       adsurl = {https://ui.adsabs.harvard.edu/\#abs/2013ApJ...771...28T},
      adsnote = {Provided by the SAO/NASA Astrophysics Data System}
}

@ARTICLE{2013ApJ...767...57F,
       author = {{Foley}, Ryan J. and {Challis}, P.~J. and {Chornock}, R. and
        {Ganeshalingam}, M. and {Li}, W. and {Marion}, G.~H. and
        {Morrell}, N.~I. and {Pignata}, G. and {Stritzinger}, M.~D. and
        {Silverman}, J.~M. and {Wang}, X. and {Anderson}, J.~P. and
        {Filippenko}, A.~V. and {Freedman}, W.~L. and {Hamuy}, M. and
        {Jha}, S.~W. and {Kirshner}, R.~P. and {McCully}, C. and
        {Persson}, S.~E. and {Phillips}, M.~M. and {Reichart}, D.~E. and
        {Soderberg}, A.~M.},
        title = "{Type Iax Supernovae: A New Class of Stellar Explosion}",
      journal = {\apj},
     keywords = {supernovae: general, supernovae: individual: SN 1991bj SN 1999ax SN 2002bp SN 2002cx SN 2003gq SN 2004cs SN 2004gw SN 2005P SN 2005cc SN 2005hk SN 2006hn SN 2007J SN 2007ie SN 2007qd SN 2008A SN 2008ae SN 2008ge SN 2008ha SN 2009J SN 2009ku SN 2010ae SN 2010el SN 2011ay SN 2011ce SN 2012Z, Astrophysics - Solar and Stellar Astrophysics, Astrophysics - Cosmology and Nongalactic Astrophysics},
         year = 2013,
        month = Apr,
       volume = {767},
          eid = {57},
        pages = {57},
          doi = {10.1088/0004-637X/767/1/57},
archivePrefix = {arXiv},
       eprint = {1212.2209},
 primaryClass = {astro-ph.SR},
       adsurl = {https://ui.adsabs.harvard.edu/\#abs/2013ApJ...767...57F},
      adsnote = {Provided by the SAO/NASA Astrophysics Data System}
}

@ARTICLE{wz12,
       author = {{Wang}, Bo and {Han}, Zhanwen},
        title = "{Progenitors of type Ia supernovae}",
      journal = {New Astronomy Reviews},
     keywords = {Astrophysics - Solar and Stellar Astrophysics},
         year = 2012,
        month = Jun,
       volume = {56},
        pages = {122-141},
          doi = {10.1016/j.newar.2012.04.001},
archivePrefix = {arXiv},
       eprint = {1204.1155},
 primaryClass = {astro-ph.SR},
       adsurl = {https://ui.adsabs.harvard.edu/\#abs/2012NewAR..56..122W},
      adsnote = {Provided by the SAO/NASA Astrophysics Data System}
}


@ARTICLE{pag99,
       author = {{Perlmutter}, S. and {Aldering}, G. and {Goldhaber}, G. and {Knop},
        R.~A. and {Nugent}, P. and {Castro}, P.~G. and {Deustua}, S. and
        {Fabbro}, S. and {Goobar}, A. and {Groom}, D.~E. and {Hook},
        I.~M. and {Kim}, A.~G. and {Kim}, M.~Y. and {Lee}, J.~C. and
        {Nunes}, N.~J. and {Pain}, R. and {Pennypacker}, C.~R. and
        {Quimby}, R. and {Lidman}, C. and {Ellis}, R.~S. and {Irwin}, M.
        and {McMahon}, R.~G. and {Ruiz-Lapuente}, P. and {Walton}, N.
        and {Schaefer}, B. and {Boyle}, B.~J. and {Filippenko}, A.~V.
        and {Matheson}, T. and {Fruchter}, A.~S. and {Panagia}, N. and
        {Newberg}, H.~J.~M. and {Couch}, W.~J. and {Project}, The
        Supernova Cosmology},
        title = "{Measurements of {\ensuremath{\Omega}} and {\ensuremath{\Lambda}} from 42 High-Redshift Supernovae}",
      journal = {\apj},
     keywords = {COSMOLOGY: OBSERVATIONS, COSMOLOGY: DISTANCE SCALE, STARS: SUPERNOVAE: GENERAL, Cosmology: Observations, Cosmology: Distance Scale, Stars: Supernovae: General, Astrophysics, High Energy Physics - Experiment, High Energy Physics - Phenomenology},
         year = 1999,
        month = Jun,
       volume = {517},
        pages = {565-586},
          doi = {10.1086/307221},
archivePrefix = {arXiv},
       eprint = {astro-ph/9812133},
 primaryClass = {astro-ph},
       adsurl = {https://ui.adsabs.harvard.edu/\#abs/1999ApJ...517..565P},
      adsnote = {Provided by the SAO/NASA Astrophysics Data System}
}




@ARTICLE{rfc+98,
       author = {{Riess}, Adam G. and {Filippenko}, Alexei V. and {Challis}, Peter and
        {Clocchiatti}, Alejandro and {Diercks}, Alan and {Garnavich},
        Peter M. and {Gilliland}, Ron L. and {Hogan}, Craig J. and
        {Jha}, Saurabh and {Kirshner}, Robert P. and {Leibundgut}, B.
        and {Phillips}, M.~M. and {Reiss}, David and {Schmidt}, Brian P.
        and {Schommer}, Robert A. and {Smith}, R. Chris and
        {Spyromilio}, J. and {Stubbs}, Christopher and {Suntzeff},
        Nicholas B. and {Tonry}, John},
        title = "{Observational Evidence from Supernovae for an Accelerating Universe and a Cosmological Constant}",
      journal = {\aj},
     keywords = {COSMOLOGY: OBSERVATIONS, STARS: SUPERNOVAE: GENERAL, Astrophysics},
         year = 1998,
        month = Sep,
       volume = {116},
        pages = {1009-1038},
          doi = {10.1086/300499},
archivePrefix = {arXiv},
       eprint = {astro-ph/9805201},
 primaryClass = {astro-ph},
       adsurl = {https://ui.adsabs.harvard.edu/\#abs/1998AJ....116.1009R},
      adsnote = {Provided by the SAO/NASA Astrophysics Data System}
}




@ARTICLE{mmn14,
   author = {{Maoz}, D. and {Mannucci}, F. and {Nelemans}, G.},
    title = "{Observational Clues to the Progenitors of Type Ia Supernovae}",
  journal = {\araa},
archivePrefix = "arXiv",
   eprint = {1312.0628},
     year = 2014,
    month = aug,
   volume = 52,
    pages = {107-170},
      doi = {10.1146/annurev-astro-082812-141031},
   adsurl = {http://adsabs.harvard.edu/abs/2014ARA%26A..52..107M},
  adsnote = {Provided by the SAO/NASA Astrophysics Data System}
}



@ARTICLE{2012PASA...29..447M,
       author = {{Maoz}, D. and {Mannucci}, F.},
        title = "{Type-Ia Supernova Rates and the Progenitor Problem: A Review}",
      journal = {Publications of the Astronomical Society of Australia},
     keywords = {supernovae: white dwarfs, Astrophysics - Cosmology and Nongalactic Astrophysics},
         year = 2012,
        month = Jan,
       volume = {29},
        pages = {447-465},
          doi = {10.1071/AS11052},
archivePrefix = {arXiv},
       eprint = {1111.4492},
 primaryClass = {astro-ph.CO},
       adsurl = {https://ui.adsabs.harvard.edu/\#abs/2012PASA...29..447M},
      adsnote = {Provided by the SAO/NASA Astrophysics Data System}
}

@ARTICLE{2011ApJ...732...30P,
       author = {{Parrent}, Jerod T. and {Thomas}, R.~C. and {Fesen}, Robert A. and
        {Marion}, G.~H. and {Challis}, Peter and {Garnavich}, Peter M.
        and {Milisavljevic}, Dan and {Vink{\`o}}, J{\`o}zsef and
        {Wheeler}, J. Craig},
        title = "{A Study of Carbon Features in Type Ia Supernova Spectra}",
      journal = {\apj},
     keywords = {supernovae: general, supernovae: individual: SN 2010Y 2010ai PTF10icb, Astrophysics - High Energy Astrophysical Phenomena, Astrophysics - Solar and Stellar Astrophysics},
         year = 2011,
        month = May,
       volume = {732},
          eid = {30},
        pages = {30},
          doi = {10.1088/0004-637X/732/1/30},
archivePrefix = {arXiv},
       eprint = {1103.1671},
 primaryClass = {astro-ph.HE},
       adsurl = {https://ui.adsabs.harvard.edu/\#abs/2011ApJ...732...30P},
      adsnote = {Provided by the SAO/NASA Astrophysics Data System}
}

@ARTICLE{mesa1,
       author = {{Paxton}, Bill and {Bildsten}, Lars and {Dotter}, Aaron and {Herwig},
        Falk and {Lesaffre}, Pierre and {Timmes}, Frank},
        title = "{Modules for Experiments in Stellar Astrophysics (MESA)}",
      journal = {The Astrophysical Journal Supplement Series},
     keywords = {methods: numerical, stars: evolution, stars: general, Astrophysics - Solar and Stellar Astrophysics, Astrophysics - Instrumentation and Methods for Astrophysics},
         year = 2011,
        month = Jan,
       volume = {192},
          eid = {3},
        pages = {3},
          doi = {10.1088/0067-0049/192/1/3},
archivePrefix = {arXiv},
       eprint = {1009.1622},
 primaryClass = {astro-ph.SR},
       adsurl = {https://ui.adsabs.harvard.edu/\#abs/2011ApJS..192....3P},
      adsnote = {Provided by the SAO/NASA Astrophysics Data System}
}

@ARTICLE{2010ApJ...722L.157V,
       author = {{van Kerkwijk}, Marten H. and {Chang}, Philip and {Justham}, Stephen},
        title = "{Sub-Chandrasekhar White Dwarf Mergers as the Progenitors of Type Ia Supernovae}",
      journal = {\apj},
     keywords = {binaries: close, supernovae: general, white dwarfs, Astrophysics - Solar and Stellar Astrophysics},
         year = 2010,
        month = Oct,
       volume = {722},
        pages = {L157-L161},
          doi = {10.1088/2041-8205/722/2/L157},
archivePrefix = {arXiv},
       eprint = {1006.4391},
 primaryClass = {astro-ph.SR},
       adsurl = {https://ui.adsabs.harvard.edu/\#abs/2010ApJ...722L.157V},
      adsnote = {Provided by the SAO/NASA Astrophysics Data System}
}

@ARTICLE{2010MNRAS.406..782S,
       author = {{Sullivan}, M. and {Conley}, A. and {Howell}, D.~A. and {Neill}, J.~D.
        and {Astier}, P. and {Balland}, C. and {Basa}, S. and
        {Carlberg}, R.~G. and {Fouchez}, D. and {Guy}, J. and {Hardin},
        D. and {Hook}, I.~M. and {Pain}, R. and {Palanque-Delabrouille},
        N. and {Perrett}, K.~M. and {Pritchet}, C.~J. and {Regnault}, N.
        and {Rich}, J. and {Ruhlmann-Kleider}, V. and {Baumont}, S. and
        {Hsiao}, E. and {Kronborg}, T. and {Lidman}, C. and
        {Perlmutter}, S. and {Walker}, E.~S.},
        title = "{The dependence of Type Ia Supernovae luminosities on their host galaxies}",
      journal = {\mnras},
     keywords = {supernovae: general, cosmology: observations, distance scale, Astrophysics - Cosmology and Nongalactic Astrophysics},
         year = 2010,
        month = Aug,
       volume = {406},
        pages = {782-802},
          doi = {10.1111/j.1365-2966.2010.16731.x},
archivePrefix = {arXiv},
       eprint = {1003.5119},
 primaryClass = {astro-ph.CO},
       adsurl = {https://ui.adsabs.harvard.edu/\#abs/2010MNRAS.406..782S},
      adsnote = {Provided by the SAO/NASA Astrophysics Data System}
}

@ARTICLE{2010ApJ...708..598P,
       author = {{Piro}, Anthony L. and {Chang}, Philip and {Weinberg}, Nevin N.},
        title = "{Shock Breakout from Type Ia Supernova}",
      journal = {\apj},
     keywords = {hydrodynamics, shock waves, supernovae: general, white dwarfs, Astrophysics - High Energy Astrophysical Phenomena},
         year = 2010,
        month = Jan,
       volume = {708},
        pages = {598-604},
          doi = {10.1088/0004-637X/708/1/598},
archivePrefix = {arXiv},
       eprint = {0909.2643},
 primaryClass = {astro-ph.HE},
       adsurl = {https://ui.adsabs.harvard.edu/\#abs/2010ApJ...708..598P},
      adsnote = {Provided by the SAO/NASA Astrophysics Data System}
}

@INPROCEEDINGS{2008ASPC..391..359W,
       author = {{Waldman}, R. and {Yungelson}, L.~R. and {Barkat}, Z.},
        title = "{Helium Stars as Supernova Progenitors}",
     keywords = {Astrophysics},
    booktitle = {Hydrogen-Deficient Stars},
         year = 2008,
       editor = {{Werner}, A. and {Rauch}, T.},
       series = {Astronomical Society of the Pacific Conference Series},
       volume = {391},
        month = Jul,
        pages = {359},
archivePrefix = {arXiv},
       eprint = {0710.3911},
 primaryClass = {astro-ph},
       adsurl = {https://ui.adsabs.harvard.edu/\#abs/2008ASPC..391..359W},
      adsnote = {Provided by the SAO/NASA Astrophysics Data System}
}

@ARTICLE{2008MNRAS.384..267M,
       author = {{Maoz}, Dan},
        title = "{On the fraction of intermediate-mass close binaries that explode as Type Ia supernovae}",
      journal = {\mnras},
     keywords = {binaries: close, supernovae: general, white dwarfs, Astrophysics},
         year = 2008,
        month = Feb,
       volume = {384},
        pages = {267-277},
          doi = {10.1111/j.1365-2966.2007.12697.x},
archivePrefix = {arXiv},
       eprint = {0707.4598},
 primaryClass = {astro-ph},
       adsurl = {https://ui.adsabs.harvard.edu/\#abs/2008MNRAS.384..267M},
      adsnote = {Provided by the SAO/NASA Astrophysics Data System}
}

@ARTICLE{2008ApJ...673.1009P,
       author = {{Piro}, Anthony L. and {Bildsten}, Lars},
        title = "{Neutronization during Type Ia Supernova Simmering}",
      journal = {\apj},
     keywords = {nuclear reactions, nucleosynthesis, abundances, supernovae: general, white dwarfs, Astrophysics},
         year = 2008,
        month = Feb,
       volume = {673},
        pages = {1009-1013},
          doi = {10.1086/524189},
archivePrefix = {arXiv},
       eprint = {0710.1600},
 primaryClass = {astro-ph},
       adsurl = {https://ui.adsabs.harvard.edu/\#abs/2008ApJ...673.1009P},
      adsnote = {Provided by the SAO/NASA Astrophysics Data System}
}

@INPROCEEDINGS{2005ASPC..330..279T,
       author = {{Tout}, C.~A.},
        title = "{The Progenitors of Type Ia Supernova}",
    booktitle = {The Astrophysics of Cataclysmic Variables and Related Objects},
         year = 2005,
       editor = {{Hameury}, J. -M. and {Lasota}, J. -P.},
       series = {Astronomical Society of the Pacific Conference Series},
       volume = {330},
        month = Aug,
        pages = {279},
       adsurl = {https://ui.adsabs.harvard.edu/\#abs/2005ASPC..330..279T},
      adsnote = {Provided by the SAO/NASA Astrophysics Data System}
}




@ARTICLE{2005ApJ...623..337G,
       author = {{Gamezo}, Vadim N. and {Khokhlov}, Alexei M. and {Oran}, Elaine S.},
        title = "{Three-dimensional Delayed-Detonation Model of Type Ia Supernovae}",
      journal = {\apj},
     keywords = {Hydrodynamics, Nuclear Reactions, Nucleosynthesis, Abundances, Stars: Supernovae: General, Astrophysics},
         year = 2005,
        month = Apr,
       volume = {623},
        pages = {337-346},
          doi = {10.1086/428767},
archivePrefix = {arXiv},
       eprint = {astro-ph/0409598},
 primaryClass = {astro-ph},
       adsurl = {https://ui.adsabs.harvard.edu/\#abs/2005ApJ...623..337G},
      adsnote = {Provided by the SAO/NASA Astrophysics Data System}
}

@ARTICLE{2004ARA&A..42..169Y,
       author = {{Yakovlev}, D.~G. and {Pethick}, C.~J.},
        title = "{Neutron Star Cooling}",
      journal = {Annual Review of Astronomy and Astrophysics},
     keywords = {Astrophysics},
         year = 2004,
        month = Sep,
       volume = {42},
        pages = {169-210},
          doi = {10.1146/annurev.astro.42.053102.134013},
archivePrefix = {arXiv},
       eprint = {astro-ph/0402143},
 primaryClass = {astro-ph},
       adsurl = {https://ui.adsabs.harvard.edu/\#abs/2004ARA&A..42..169Y},
      adsnote = {Provided by the SAO/NASA Astrophysics Data System}
}

@ARTICLE{2000ARA&A..38..191H,
       author = {{Hillebrandt}, Wolfgang and {Niemeyer}, Jens C.},
        title = "{Type IA Supernova Explosion Models}",
      journal = {Annual Review of Astronomy and Astrophysics},
     keywords = {STELLAR EVOLUTION, HYDRODYNAMICS, Astrophysics},
         year = 2000,
        month = Jan,
       volume = {38},
        pages = {191-230},
          doi = {10.1146/annurev.astro.38.1.191},
archivePrefix = {arXiv},
       eprint = {astro-ph/0006305},
 primaryClass = {astro-ph},
       adsurl = {https://ui.adsabs.harvard.edu/\#abs/2000ARA&A..38..191H},
      adsnote = {Provided by the SAO/NASA Astrophysics Data System}
}

@ARTICLE{2000A&ARv..10..179L,
       author = {{Leibundgut}, Bruno},
        title = "{Type Ia Supernovae}",
      journal = {Astronomy and Astrophysics Review},
     keywords = {Astrophysics},
         year = 2000,
        month = Jan,
       volume = {10},
        pages = {179-209},
          doi = {10.1007/s001590000009},
archivePrefix = {arXiv},
       eprint = {astro-ph/0003326},
 primaryClass = {astro-ph},
       adsurl = {https://ui.adsabs.harvard.edu/\#abs/2000A&ARv..10..179L},
      adsnote = {Provided by the SAO/NASA Astrophysics Data System}
}

@ARTICLE{1999ApJS..125..439I,
       author = {{Iwamoto}, Koichi and {Brachwitz}, Franziska and {Nomoto}, Ken'ICHI and
        {Kishimoto}, Nobuhiro and {Umeda}, Hideyuki and {Hix}, W.
        Raphael and {Thielemann}, Friedrich-Karl},
        title = "{Nucleosynthesis in Chandrasekhar Mass Models for Type IA Supernovae and Constraints on Progenitor Systems and Burning-Front Propagation}",
      journal = {The Astrophysical Journal Supplement Series},
     keywords = {NUCLEAR REACTIONS, NUCLEOSYNTHESIS, ABUNDANCES, STARS: INTERIORS, SUPERNOVAE: GENERAL, Nuclear Reactions, Nucleosynthesis, Abundances, Stars: Interiors, supernovae: general, Astrophysics},
         year = 1999,
        month = Dec,
       volume = {125},
        pages = {439-462},
          doi = {10.1086/313278},
archivePrefix = {arXiv},
       eprint = {astro-ph/0002337},
 primaryClass = {astro-ph},
       adsurl = {https://ui.adsabs.harvard.edu/\#abs/1999ApJS..125..439I},
      adsnote = {Provided by the SAO/NASA Astrophysics Data System}
}

@INPROCEEDINGS{1997ASIC..486...77C,
       author = {{Cappellaro}, E. and {Turatto}, M.},
        title = "{The rate of supernovae: biases and uncertainties}",
     keywords = {Astrophysics},
    booktitle = {NATO Advanced Science Institutes (ASI) Series C},
         year = 1997,
       editor = {{Ruiz-Lapuente}, P. and {Canal}, R. and {Isern}, J.},
       series = {NATO Advanced Science Institutes (ASI) Series C},
       volume = {486},
        month = Jan,
        pages = {77},
          doi = {10.1007/978-94-011-5710-0_5},
archivePrefix = {arXiv},
       eprint = {astro-ph/9511129},
 primaryClass = {astro-ph},
       adsurl = {https://ui.adsabs.harvard.edu/\#abs/1997ASIC..486...77C},
      adsnote = {Provided by the SAO/NASA Astrophysics Data System}
}

@ARTICLE{1995ApJ...449..695K,
       author = {{Khokhlov}, Alexei M.},
        title = "{Propagation of Turbulent Flames in Supernovae}",
      journal = {\apj},
     keywords = {NUCLEAR REACTIONS, NUCLEOSYNTHESIS, ABUNDANCES, STARS: INTERIORS, STARS: SUPERNOVAE: GENERAL, TURBULENCE},
         year = 1995,
        month = Aug,
       volume = {449},
        pages = {695},
          doi = {10.1086/176091},
       adsurl = {https://ui.adsabs.harvard.edu/\#abs/1995ApJ...449..695K},
      adsnote = {Provided by the SAO/NASA Astrophysics Data System}
}

@ARTICLE{1994ApJ...420..348T,
       author = {{Timmes}, F.~X. and {Woosley}, S.~E. and {Taam}, Ronald E.},
        title = "{The Conductive Propagation of Nuclear Flames. II. Convectively Bounded Flames in C+O and O+Ne+Mg Cores}",
      journal = {\apj},
     keywords = {Abundance, Degenerate Matter, Stellar Interiors, Supernovae, Wave Propagation, White Dwarf Stars, Carbon, Conductive Heat Transfer, Neon, Nuclear Fusion, Oxygen, Reaction Kinetics, Stellar Evolution, Astrophysics, CONDUCTION, NUCLEAR REACTIONS, NUCLEOSYNTHESIS, ABUNDANCES, STARS: INTERIORS, STARS: SUPERNOVAE: GENERAL, STARS: WHITE DWARFS},
         year = 1994,
        month = Jan,
       volume = {420},
        pages = {348},
          doi = {10.1086/173565},
       adsurl = {https://ui.adsabs.harvard.edu/\#abs/1994ApJ...420..348T},
      adsnote = {Provided by the SAO/NASA Astrophysics Data System}
}

@ARTICLE{1993ApJ...414L.105H,
       author = {{Hashimoto}, Masaaki and {Iwamoto}, Kohichi and {Nomoto}, Ken'ichi},
        title = "{Type II Supernovae from 8--10 M$_{sun}$ Asymptotic Giant Branch Stars}",
      journal = {\apj},
     keywords = {Asymptotic Giant Branch Stars, Stellar Evolution, Supernovae, Light Curve, Stellar Composition, Stellar Cores, Stellar Mass, Wave Functions, Astrophysics},
         year = 1993,
        month = Sep,
       volume = {414},
        pages = {L105},
          doi = {10.1086/187007},
       adsurl = {https://ui.adsabs.harvard.edu/\#abs/1993ApJ...414L.105H},
      adsnote = {Provided by the SAO/NASA Astrophysics Data System}
}



@ARTICLE{phi93,
       author = {{Phillips}, M.~M.},
        title = "{The Absolute Magnitudes of Type IA Supernovae}",
      journal = {\apj},
     keywords = {Light Curve, Stellar Magnitude, Supernovae, White Dwarf Stars, Astronomical Photometry, Brightness Distribution, Stellar Luminosity, Astrophysics, COSMOLOGY: DISTANCE SCALE, STARS: SUPERNOVAE: GENERAL},
         year = 1993,
        month = Aug,
       volume = {413},
        pages = {L105},
          doi = {10.1086/186970},
       adsurl = {https://ui.adsabs.harvard.edu/\#abs/1993ApJ...413L.105P},
      adsnote = {Provided by the SAO/NASA Astrophysics Data System}
}

@ARTICLE{1992ApJ...396..649T,
       author = {{Timmes}, F.~X. and {Woosley}, S.~E.},
        title = "{The Conductive Propagation of Nuclear Flames. I. Degenerate C + O and O + NE + MG White Dwarfs}",
      journal = {\apj},
     keywords = {Degenerate Matter, Neutron Stars, Nuclear Fusion, Radiation Transport, Stellar Interiors, White Dwarf Stars, Computational Grids, Conductive Heat Transfer, Fractals, Gravitational Collapse, Reaction Kinetics, Supernovae, Astrophysics, CONDUCTION, NUCLEAR REACTIONS, NUCLEOSYNTHESIS, ABUNDANCES, STARS: NEUTRON, STARS: WHITE DWARFS},
         year = 1992,
        month = Sep,
       volume = {396},
        pages = {649},
          doi = {10.1086/171746},
       adsurl = {https://ui.adsabs.harvard.edu/\#abs/1992ApJ...396..649T},
      adsnote = {Provided by the SAO/NASA Astrophysics Data System}
}

@ARTICLE{arn82,
       author = {{Arnett}, W.~D.},
        title = "{Type I supernovae. I - Analytic solutions for the early part of the light curve}",
      journal = {\apj},
     keywords = {Light Curve, Nuclear Fusion, Stellar Evolution, Stellar Temperature, Supernovae, Black Body Radiation, Gamma Rays, Photons, Radioactive Decay, Stellar Luminosity, Stellar Models, Stellar Spectra, Thermodynamics, Transparence, Astrophysics},
         year = 1982,
        month = Feb,
       volume = {253},
        pages = {785-797},
          doi = {10.1086/159681},
       adsurl = {https://ui.adsabs.harvard.edu/\#abs/1982ApJ...253..785A},
      adsnote = {Provided by the SAO/NASA Astrophysics Data System}
}

@ARTICLE{arn69,
       author = {{Arnett}, W. David},
        title = "{A Possible Model of Supernovae: Detonation of $^{12}$C}",
      journal = {\apss},
         year = 1969,
        month = Oct,
       volume = {5},
        pages = {180-212},
          doi = {10.1007/BF00650291},
       adsurl = {https://ui.adsabs.harvard.edu/\#abs/1969Ap&SS...5..180A},
      adsnote = {Provided by the SAO/NASA Astrophysics Data System}
}













