@article{Phillips:1993ng,
  title = {The {{Absolute Magnitudes}} of {{Type IA Supernovae}}},
  volume = {413},
  doi = {10.1086/186970},
  journal = {\apj},
  author = {Phillips, M. M.},
  month = aug,
  year = {1993},
  pages = {L105}
}

@article{Livio:2018rue,
  title = {On the Progenitors of {{Type Ia}} Supernovae},
  volume = {736},
  journal = {Physics Reports},
  doi = {10.1016/j.physrep.2018.02.002},
  author = {Livio, Mario and Mazzali, Paolo},
  month = mar,
  year = {2018},
  pages = {1}
}

@article{Denissenkov:2013qaa,
  title = {{{THE C}}-{{FLAME QUENCHING BY CONVECTIVE BOUNDARY MIXING IN SUPER}}-{{AGB STARS AND THE FORMATION OF HYBRID C}}/{{O}}/{{Ne WHITE DWARFS AND SN PROGENITORS}}},
  volume = {772},
  issn = {0004-637X},
  number = {1},
  journal = {The Astrophysical Journal},
  doi = {10.1088/0004-637X/772/1/37},
  author = {Denissenkov, P. A. and Herwig, F. and Truran, J. W. and Paxton, B.},
  month = jul,
  year = {2013},
  pages = {37}
}

@BOOK{cox1968,
       author = {{Cox}, J.~P. and {Giuli}, R.~T.},
        title = "{Principles of stellar structure}",
         year = "1968",
       adsurl = {https://ui.adsabs.harvard.edu/abs/1968pss..book.....C},
      adsnote = {Provided by the SAO/NASA Astrophysics Data System}
}

@article{Suzuki:2015iry,
  title = {Electron-Capture and \textbackslash{}ensuremath\textbackslash{}beta-Decay {{Rates}} for Sd-{{Shell Nuclei}} in {{Stellar Environments Relevant}} to {{High}}-Density {{O}}-{{Ne}}-{{Mg Cores}}},
  volume = {817},
  journal = {\textbackslash{}apj},
  doi = {10.3847/0004-637X/817/2/163},
  author = {Suzuki, Toshio and Toki, Hiroshi and Nomoto, Ken'ichi},
  month = feb,
  year = {2016},
  pages = {163}
}

@article{itoh1996,
  title = {Neutrino {{Energy Loss}} in {{Stellar Interiors}}. {{VII}}. {{Pair}}, {{Photo}}-, {{Plasma}}, {{Bremsstrahlung}}, and {{Recombination Neutrino Processes}}},
  volume = {102},
  journal = {The Astrophysical Journal Supplement Series},
  doi = {10.1086/192264},
  author = {Itoh, Naoki and Hayashi, Hiroshi and Nishikawa, Akinori and Kohyama, Yasuharu},
  month = feb,
  year = {1996},
  pages = {411}
}

@article{ruiz-lapuente1993,
  title = {A Possible Low-Mass Type {{Ia}} Supernova},
  volume = {365},
  copyright = {1993 Nature Publishing Group},
  issn = {1476-4687},
  number = {6448},
  journal = {Nature},
  doi = {10.1038/365728a0},
  author = {{Ruiz-Lapuente}, Pilar and Jeffery, David J. and Challis, Peter M. and Filippenko, Alexei V. and Kirshner, Robert P. and Ho, Luis C. and Schmidt, Brian P. and S{\'a}nchez, Francisco and Canal, Ramon},
  month = oct,
  year = {1993},
  pages = {728}
}

@article{cyburt2010,
  title = {{{THE JINA REACLIB DATABASE}}: {{ITS RECENT UPDATES AND IMPACT ON TYPE}}-{{I X}}-{{RAY BURSTS}}},
  volume = {189},
  issn = {0067-0049, 1538-4365},
  number = {1},
  journal = {The Astrophysical Journal Supplement Series},
  doi = {10.1088/0067-0049/189/1/240},
  author = {Cyburt, Richard H. and Amthor, A. Matthew and Ferguson, Ryan and Meisel, Zach and Smith, Karl and Warren, Scott and Heger, Alexander and Hoffman, R. D. and Rauscher, Thomas and Sakharuk, Alexander and Schatz, Hendrik and Thielemann, F. K. and Wiescher, Michael},
  month = jul,
  year = {2010},
  pages = {240-252}
}

@article{filippenko1992,
  title = {{{THE PECULIAR TYPE}} La {{SN 1991T}}: {{DETONATION OF A WHITE DWARF}}?},
  journal = {The Astrophysical Journal},
  author = {Filippenko, Alexei V and Richmond, Michael W and Matheson, Thomas and Shields, Joseph C and Burbidge, E Margaret and Cohen, Ross D and Dickinson, Mark and Malkan, Matthew A and Nelson, Brant and Pietz, Jochen and Schlegel, David and Schmeer, Patrick and Spinrad, Hyron and Steidel, Charles C and Tran, Hien D and Wren, William},
  month = jan,
  year = {1992},
  pages = {L5},
}

@article{gutierrez1996,
  title = {The {{Final Evolution}} of {{ONeMg Electron}}-{{Degenerate Cores}}},
  volume = {459},
  journal = {The Astrophysical Journal},
  doi = {10.1086/176934},
  author = {Gutierrez, Jordi and {Garcia-Berro}, Enrique and Iben, Icko and Isern, Jordi and Labay, Javier and Canal, Ramon},
  month = mar,
  year = {1996},
  pages = {701}
}

@article{Willcox:2016yyp,
  title = {Type {{Ia Supernova Explosions}} from {{Hybrid Carbon}}-{{Oxygen}}-{{Neon White Dwarf Progenitors}}},
  volume = {832},
  number = {1},
  journal = {The Astrophysical Journal},
  doi = {10.3847/0004-637X/832/1/13},
  author = {Willcox, Donald E. and Townsley, Dean M. and Calder, Alan C. and Denissenkov, Pavel A. and Herwig, Falk},
  month = nov,
  year = {2016},
  pages = {13}
}

@article{vanKerkwijk:2010he,
  title = {{{SUB}}-{{CHANDRASEKHAR WHITE DWARF MERGERS AS THE PROGENITORS OF TYPE Ia SUPERNOVAE}}},
  volume = {722},
  issn = {2041-8205},
  number = {2},
  journal = {The Astrophysical Journal},
  doi = {10.1088/2041-8205/722/2/L157},
  author = {van Kerkwijk, Marten H. and Chang, Philip and Justham, Stephen},
  month = sep,
  year = {2010},
  pages = {L157--L161}
}

@article{Kasen:2009si,
  title = {Seeing the {{Collision}} of a {{Supernova}} with {{Its Companion Star}}},
  volume = {708},
  number = {2},
  journal = {The Astrophysical Journal},
  doi = {10.1088/0004-637X/708/2/1025},
  author = {Kasen, Daniel},
  month = jan,
  year = {2010},
  pages = {1025}
}

@article{Harris:2016hfr,
  title = {Against the {{Wind}}: {{Radio Light Curves}} of {{Type Ia Supernovae Interacting}} with {{Low}}-Density {{Circumstellar Shells}}},
  volume = {823},
  number = {2},
  journal = {The Astrophysical Journal},
  doi = {10.3847/0004-637X/823/2/100},
  author = {Harris, Chelsea E. and Nugent, Peter E. and Kasen, Daniel N.},
  month = jun,
  year = {2016},
  pages = {100}
}

@article{Panagia:2006bu,
  title = {A {{Search}} for {{Radio Emission}} from {{Type Ia Supernovae}}},
  volume = {646},
  number = {1},
  journal = {The Astrophysical Journal},
  doi = {10.1086/504710},
  author = {Panagia, Nino and Van Dyk, Schuyler D. and Weiler, Kurt W. and Sramek, Richard A. and Stockdale, Christopher J. and Murata, Kimberly P.},
  month = jul,
  year = {2006},
  pages = {369}
}

@article{Jones:2018ule,
  title = {Remnants and Ejecta of Thermonuclear Electron-Capture Supernovae. {{Constraining}} Oxygen-Neon Deflagrations in High-Density White Dwarfs},
  volume = {622},
  journal = {Astronomy and Astrophysics},
  doi = {10.1051/0004-6361/201834381},
  author = {Jones, S. and R{\"o}pke, F. K. and Fryer, C. and Ruiter, A. J. and Seitenzahl, I. R. and Nittler, L. R. and Ohlmann, S. T. and Reifarth, R. and Pignatari, M. and Belczynski, K.},
  month = feb,
  year = {2019},
  pages = {A74}
}

@article{Schwab:2018cnb,
  title = {Residual {{Carbon}} in {{Oxygen}}\textendash{{Neon White Dwarfs}} and {{Its Implications}} for {{Accretion}}-Induced {{Collapse}}},
  volume = {872},
  issn = {0004-637X},
  number = {2},
  journal = {The Astrophysical Journal},
  doi = {10.3847/1538-4357/aaffdc},
  author = {Schwab, Josiah and Rocha, Kyle Akira},
  month = feb,
  year = {2019},
  pages = {131}
}

@article{Takahashi:2013ena,
  title = {Evolution of {{Progenitors}} for {{Electron Capture Supernovae}}},
  volume = {771},
  number = {1},
  journal = {The Astrophysical Journal},
  doi = {10.1088/0004-637X/771/1/28},
  author = {Takahashi, Koh and Yoshida, Takashi and Umeda, Hideyuki},
  month = jul,
  year = {2013},
  pages = {28}
}

@article{nomoto1991,
  title = {Conditions for Accretion-Induced Collapse of White Dwarfs},
  volume = {367},
  issn = {0004-637X, 1538-4357},
  journal = {The Astrophysical Journal},
  doi = {10.1086/185922},
  author = {Nomoto, Ken'ichi and Kondo, Yoji},
  month = jan,
  year = {1991},
  pages = {L19}
}

@article{Nomoto:1982zz,
  title = {Accreting White Dwarf Models for Type {{I}} Supernovae. {{I}} - {{Presupernova}} Evolution and Triggering Mechanisms},
  volume = {253},
  issn = {0004-637X, 1538-4357},
  journal = {The Astrophysical Journal},
  doi = {10.1086/159682},
  author = {Nomoto, K.},
  month = feb,
  year = {1982},
  pages = {798}
}

@article{Mazzali:2007et,
  title = {A {{Common Explosion Mechanism}} for {{Type Ia Supernovae}}},
  volume = {315},
  number = {5813},
  journal = {Science},
  doi = {10.1126/science.1136259},
  author = {Mazzali, Paolo A. and R{\"o}pke, Friedrich K. and Benetti, Stefano and Hillebrandt, Wolfgang},
  month = feb,
  year = {2007},
  pages = {825}
}

@article{Bochenek:2017vok,
  title = {X-Ray Emission from {{SN}} 2012ca: {{A Type Ia}}-{{CSM}} Supernova Explosion in a Dense Surrounding Medium},
  volume = {473},
  number = {1},
  journal = {Monthly Notices of the Royal Astronomical Society},
  doi = {10.1093/mnras/stx2029},
  author = {Bochenek, Christopher D. and Dwarkadas, Vikram V. and Silverman, Jeffrey M. and Fox, Ori D. and Chevalier, Roger A. and Smith, Nathan and Filippenko, Alexei V.},
  month = jan,
  year = {2018},
  pages = {336}
}

@article{Howell:2006vn,
  title = {The Type {{Ia}} Supernova {{SNLS}}-{{03D3bb}} from a Super-{{Chandrasekhar}}-Mass White Dwarf Star},
  volume = {443},
  number = {7109},
  journal = {Nature},
  doi = {10.1038/nature05103},
  author = {Howell, D. Andrew and Sullivan, Mark and Nugent, Peter E. and Ellis, Richard S. and Conley, Alexander J. and Le Borgne, Damien and Carlberg, Raymond G. and Guy, Julien and Balam, David and Basa, Stephane and Fouchez, Dominique and Hook, Isobel M. and Hsiao, Eric Y. and Neill, James D. and Pain, Reynald and Perrett, Kathryn M. and Pritchet, Christopher J.},
  month = sep,
  year = {2006},
  pages = {308}
}

@article{Churazov:2014bga,
  title = {Cobalt-56 {$\gamma$}-Ray Emission Lines from the Type {{Ia}} Supernova {{2014J}}},
  volume = {512},
  number = {7515},
  journal = {Nature},
  doi = {10.1038/nature13672},
  author = {Churazov, E. and Sunyaev, R. and Isern, J. and Kn{\"o}dlseder, J. and Jean, P. and Lebrun, F. and Chugai, N. and Grebenev, S. and Bravo, E. and Sazonov, S. and Renaud, M.},
  month = aug,
  year = {2014},
  pages = {406}
}



@article{augustine2019,
  title = {Type {{Ia Supernova Explosions}} from {{Hybrid Carbon}}-{{Oxygen}}-{{Neon White Dwarf Progenitors That Have Mixed During Cooling}}},
  volume = {1910},
  journal = {arXiv e-prints},
  author = {Augustine, Carlyn N. and Willcox, Donald E. and Brooks, Jared and Townsley, Dean M. and Calder, Alan C.},
  month = oct,
  year = {2019},
  pages = {arXiv:1910.12403}
}




@article{Arnett:1982,
  title = {Type {{I}} Supernovae. {{I}} - {{Analytic}} Solutions for the Early Part of the Light Curve},
  volume = {253},
  doi = {10.1086/159681},
  journal = {The Astrophysical Journal},
  author = {Arnett, W. D.},
  month = feb,
  year = {1982},
  pages = {785-797}
}

@article{Riess:1998cb,
  title = {Observational {{Evidence}} from {{Supernovae}} for an {{Accelerating Universe}} and a {{Cosmological Constant}}},
  volume = {116},
  doi = {10.1086/300499},
  journal = {The Astronomical Journal},
  author = {Riess, Adam G. and Filippenko, Alexei V. and Challis, Peter and Clocchiatti, Alejandro and Diercks, Alan and Garnavich, Peter M. and Gilliland, Ron L. and Hogan, Craig J. and Jha, Saurabh and Kirshner, Robert P. and Leibundgut, B. and Phillips, M. M. and Reiss, David and Schmidt, Brian P. and Schommer, Robert A. and Smith, R. Chris and Spyromilio, J. and Stubbs, Christopher and Suntzeff, Nicholas B. and Tonry, John},
  month = sep,
  year = {1998},
  pages = {1009-1038}
}




@article{Jha:2017gwq,
  title = {Type {{Iax Supernovae}}},
  journal = {Handbook of Supernovae},
  doi = {10.1007/978-3-319-21846-5_42},
  author = {Jha, Saurabh W.},
  year = {2017},
  pages = {375}
}




@article{Perlmutter:1998np,
  title = {Measurements of \textbackslash{{ensuremath\O{}mega}} and \textbackslash{}ensuremath\textbackslash{{Lambda}} from 42 {{High}}-{{Redshift Supernovae}}},
  volume = {517},
  doi = {10.1086/307221},
  journal = {The Astrophysical Journal},
  author = {Perlmutter, S. and Aldering, G. and Goldhaber, G. and Knop, R. A. and Nugent, P. and Castro, P. G. and Deustua, S. and Fabbro, S. and Goobar, A. and Groom, D. E. and Hook, I. M. and Kim, A. G. and Kim, M. Y. and Lee, J. C. and Nunes, N. J. and Pain, R. and Pennypacker, C. R. and Quimby, R. and Lidman, C. and Ellis, R. S. and Irwin, M. and McMahon, R. G. and {Ruiz-Lapuente}, P. and Walton, N. and Schaefer, B. and Boyle, B. J. and Filippenko, A. V. and Matheson, T. and Fruchter, A. S. and Panagia, N. and Newberg, H. J. M. and Couch, W. J. and Project, The Supernova Cosmology},
  month = jun,
  year = {1999},
  pages = {565-586}
}

@article{Wang:2012za,
  title = {Progenitors of Type {{Ia}} Supernovae},
  volume = {56},
  doi = {10.1016/j.newar.2012.04.001},
  journal = {New Astronomy Reviews},
  author = {Wang, Bo and Han, Zhanwen},
  month = jun,
  year = {2012},
  pages = {122-141}
}

@article{Maoz:2013hna,
  title = {Observational {{Clues}} to the {{Progenitors}} of {{Type Ia Supernovae}}},
  volume = {52},
  doi = {10.1146/annurev-astro-082812-141031},
  journal = {Annual Review of Astronomy and Astrophysics},
  author = {Maoz, Dan and Mannucci, Filippo and Nelemans, Gijs},
  month = aug,
  year = {2014},
  pages = {107}
}

@article{Arnett:1969,
  title = {A {{Possible Model}} of {{Supernovae}}: {{Detonation}} of {\textsuperscript{12\$}}{{C}}},
  volume = {5},
  doi = {10.1007/BF00650291},
  journal = {The Astrophysical Journal Supplement Series},
  author = {Arnett, W. David},
  month = oct,
  year = {1969},
  pages = {180-212}
}

@article{Paxton:2010ji,
  title = {Modules for {{Experiments}} in {{Stellar Astrophysics}} ({{MESA}})},
  volume = {192},
  doi = {10.1088/0067-0049/192/1/3},
  journal = {The Astrophysical Journal Supplement Series},
  author = {Paxton, Bill and Bildsten, Lars and Dotter, 
  Aaron and Herwig, Falk and Lesaffre, Pierre and Timmes, Frank},
  month = jan,
  year = {2011},
  pages = {3}
}

@article{Paxton:2013pj,
  title = {Modules for {{Experiments}} in {{Stellar Astrophysics}} ({{MESA}}): {{Planets}}, {{Oscillations}}, {{Rotation}}, and {{Massive Stars}}},
  volume = {208},
  doi = {10.1088/0067-0049/208/1/4},
  journal = {The Astrophysical Journal Supplement Series},
  author = {Paxton, Bill and Cantiello, Matteo and Arras, 
  Phil and Bildsten, Lars and Brown, Edward F. and Dotter, 
  Aaron and Mankovich, Christopher and Montgomery, 
  M. H. and Stello, Dennis and Timmes, F. X. and Townsend, Richard},
  month = sep,
  year = {2013},
  pages= {4}
}



@article{Vink:2017ujd,
  title = {Winds from Stripped Low-Mass Helium Stars and {{Wolf}}-{{Rayet}} Stars},
  volume = {607},
  issn = {0004-6361},
  journal = {Astronomy and Astrophysics},
  doi = {10.1051/0004-6361/201731902},
  author = {Vink, Jorick S.},
  month = nov,
  year = {2017},
  pages = {L8}
}



@article{Jones:2016asr,
  title = {Do Electron-Capture Supernovae Make Neutron Stars? - {{First}} Multidimensional Hydrodynamic Simulations of the Oxygen Deflagration},
  volume = {593},
  copyright = {\textcopyright{} ESO, 2016},
  issn = {0004-6361, 1432-0746},
  journal = {Astronomy \& Astrophysics},
  doi = {10.1051/0004-6361/201628321},
  author = {Jones, S. and R{\"o}pke, F. K. and Pakmor, R. and Seitenzahl, I. R. and Ohlmann, S. T. and Edelmann, P. V. F.},
  month = sep,
  year = {2016},
  pages = {A72}
}





@article{branch2017,
  title = {Supernova {{Explosions}}},
  journal = {Supernova Explosions: Astronomy and Astrophysics Library, ISBN 978-3-662-55052-6. Springer-Verlag GmbH Germany, 2017},
  doi = {10.1007/978-3-662-55054-0},
  author = {Branch, David and Wheeler, J. Craig},
  year = {2017}
}




@article{Yoon:2017dme,
  title = {Towards a Better Understanding of the Evolution of {{Wolf}}-{{Rayet}} Stars and {{Type Ib}}/{{Ic}} Supernova Progenitors},
  volume = {470},
  issn = {0035-8711},
  journal = {Monthly Notices of the Royal Astronomical Society},
  doi = {10.1093/mnras/stx1496},
  author = {Yoon, Sung-Chul},
  month = oct,
  year = {2017},
  pages = {3970-3980}
}






@article{Lau:2007zf,
  title = {An Explosive End to Intermediate-Mass Zero-Metallicity Stars and Early {{Universe}} Nucleosynthesis},
  volume = {385},
  issn = {0035-8711},
  journal = {Monthly Notices of the Royal Astronomical Society},
  doi = {10.1111/j.1365-2966.2007.12816.x},
  author = {Lau, Herbert H. B. and Stancliffe, Richard J. and Tout, Christopher A.},
  month = mar,
  year = {2008},
  pages = {301-309}
}





@article{Iben:1983ts,
  title = {Asymptotic Giant Branch Evolution and Beyond},
  volume = {21},
  issn = {0066-4146},
  journal = {Annual Review of Astronomy and Astrophysics},
  doi = {10.1146/annurev.aa.21.090183.001415},
  author = {Iben, Jr., I. and Renzini, A.},
  year = {1983},
  pages = {271-342}
}





@article{rose1969,
  title = {Neutrino {{Emission}} and the {{Onset}} of {{Carbon Burning}}},
  volume = {155},
  issn = {0004-637X},
  journal = {The Astrophysical Journal},
  doi = {10.1086/149885},
  author = {Rose, William K.},
  month = feb,
  year = {1969},
  pages = {491}
}



@article{kashyap2018,
  title = {Double-Degenerate {{Carbon}}-{{Oxygen}} and {{Oxygen}}-{{Neon White Dwarf Mergers}}: {{A New Mechanism}} for {{Faint}} and {{Rapid Type Ia Supernovae}}},
  volume = {869},
  journal = {\textbackslash{}apj},
  doi = {10.3847/1538-4357/aaedb7},
  author = {Kashyap, Rahul and Haque, Tazkera and {Lor{\'e}n-Aguilar}, Pablo and {Garc{\'i}a-Berro}, Enrique and Fisher, Robert},
  month = dec,
  year = {2018},
  pages = {140}
}





@article{lecoanet2016,
  title = {Turbulent {{Chemical Diffusion}} in {{Convectively Bounded Carbon Flames}}},
  volume = {832},
  journal = {\textbackslash{}apj},
  doi = {10.3847/0004-637X/832/1/71},
  author = {Lecoanet, Daniel and Schwab, Josiah and Quataert, Eliot and Bildsten, Lars and Timmes, F. X. and Burns, Keaton J. and Vasil, Geoffrey M. and Oishi, Jeffrey S. and Brown, Benjamin P.},
  month = nov,
  year = {2016},
  pages = {71}
}





@article{Woosley:2019sdf,
  title = {The {{Evolution}} of {{Massive Helium Stars}}, {{Including Mass Loss}}},
  volume = {878},
  number = {1},
  journal = {The Astrophysical Journal},
  doi = {10.3847/1538-4357/ab1b41},
  author = {Woosley, S. E.},
  month = jun,
  year = {2019},
  pages = {49}
}


@article{Tsebrenko:2014kea,
  title = {The Fraction of Type {{Ia}} Supernovae Exploding inside Planetary Nebulae ({{SNIPs}})},
  volume = {447},
  number = {3},
  journal = {Monthly Notices of the Royal Astronomical Society},
  doi = {10.1093/mnras/stu2567},
  author = {Tsebrenko, Danny and Soker, Noam},
  month = mar,
  year = {2015},
  pages = {2568}
}






@article{Paxton:2015jva,
  title = {Modules for {{Experiments}} in {{Stellar Astrophysics}} ({{MESA}}): {{Binaries}}, {{Pulsations}}, and {{Explosions}}},
  volume = {220},
  doi = {10.1088/0067-0049/220/1/15},
  journal = {The Astrophysical Journal Supplement Series},
  author = {Paxton, Bill and Marchant, Pablo and Schwab, 
  Josiah and Bauer, Evan B. and Bildsten, Lars and Cantiello, 
  Matteo and Dessart, Luc and Farmer, R. and Hu, H. and Langer, N. 
  and Townsend, R. H. D. and Townsley, Dean M. and Timmes, F. X.},
  month = sep,
  year = {2015},
  pages = {15}
}

@article{Paxton:2017eie,
  title = {Modules for {{Experiments}} in {{Stellar Astrophysics}} ({{MESA}}): {{Convective Boundaries}}, {{Element Diffusion}}, and {{Massive Star Explosions}}},
  volume = {234},
  doi = {10.3847/1538-4365/aaa5a8},
  journal = {The Astrophysical Journal Supplement Series},
  author = {Paxton, Bill and Schwab, Josiah and Bauer, Evan B. and 
  Bildsten, Lars and Blinnikov, Sergei and Duffell, Paul and Farmer, R. and 
  Goldberg, Jared A. and Marchant, Pablo and Sorokina, Elena and 
  Thoul, Anne and Townsend, Richard H. D. and Timmes, F. X.},
  month = feb,
  year = {2018},
  pages = {34}
}


@article{Robitaille:2013mpa,
  title = {Astropy: {{A}} Community {{Python}} Package for Astronomy},
  volume = {558},
  doi = {10.1051/0004-6361/201322068},
  journal = {Astronomy and Astrophysics},
  author = {{Astropy Collaboration}},
  month = oct,
  year = {2013},
  pages = {A33}
}

@article{Price-Whelan:2018hus,
  title = {The {{Astropy Project}}: {{Building}} an {{Open}}-Science {{Project}} and {{Status}} of the v2.0 {{Core Package}}},
  volume = {156},
  doi = {10.3847/1538-3881/aabc4f},
  number = {3},
  journal = {The Astronomical Journal},
  author = {{Astropy Collaboration} and {Astropy Contributors}},
  month = sep,
  year = {2018},
  pages = {123}
}


@article{Meyer:2017elq,
  title = {Super-{{AGB Stars}} and Their {{Role}} as {{Electron Capture Supernova Progenitors}}},
  volume = {34},
  doi = {10.1017/pasa.2017.52},
  journal = {Publications of the Astronomical Society of Australia},
  author = {Doherty, Carolyn L. and {Gil-Pons}, Pilar and Siess, Lionel and Lattanzio, John C.},
  month = nov,
  year = {2017},
  pages = {e056}
}



@article{Chabrier:2004vw,
  title = {The {{Initial Mass Function}}: {{From Salpeter}} 1955 to 2005},
  volume = {327},
  doi = {10.1007/978-1-4020-3407-7_5},
  journal = {The Initial Mass Function 50 Years Later},
  author = {Chabrier, Gilles},
  month = jan,
  year = {2005},
  pages = {41}
}


@article{Schwab:2015bma,
  title = {Thermal Runaway during the Evolution of {{ONeMg}} Cores towards Accretion-Induced Collapse},
  volume = {453},
  doi = {10.1093/mnras/stv1804},
  journal = {Monthly Notices of the Royal Astronomical Society},
  author = {Schwab, Josiah and Quataert, Eliot and Bildsten, Lars},
  month = oct,
  year = {2015},
  pages = {1910-1927}
}

@article{Lecoanet:2016,
  title = {Turbulent {{Chemical Diffusion}} in {{Convectively Bounded Carbon Flames}}},
  volume = {832},
  doi = {10.3847/0004-637X/832/1/71},
  journal = {The Astrophysical Journal},
  author = {Lecoanet, Daniel and Schwab, Josiah and Quataert, 
  Eliot and Bildsten, Lars and Timmes, F. X. and Burns, 
  Keaton J. and Vasil, Geoffrey M. and Oishi, Jeffrey S. and Brown, Benjamin P.},
  month = nov,
  year = {2016},
  pages = {71}
}

@article{Chen:2014,
  title = {The Dependence of the Evolution of {{Type Ia SN}} Progenitors on the {{C}}-Burning Rate Uncertainty and Parameters of Convective Boundary Mixing},
  volume = {440},
  doi = {10.1093/mnras/stu108},
  journal = {Monthly Notices of the Royal Society},
  author = {Chen, Michael C. and Herwig, Falk and Denissenkov, Pavel A. and Paxton, Bill},
  month = may,
  year = {2014},
  pages = {1274-1280}
}



@article{Farmer:2015afs,
  title = {On {{Carbon Burning}} in {{Super Asymptotic Giant Branch Stars}}},
  volume = {807},
  doi = {10.1088/0004-637X/807/2/184},
  journal = {The Astrophysical Journal},
  author = {Farmer, R. and Fields, C. E. and Timmes, F. X.},
  month = jul,
  year = {2015},
  pages = {184}
}

@article{grevesse1998,
  title = {Standard {{Solar Composition}}},
  volume = {85},
  journal = {Space Science Reviews},
  doi = {10.1023/A:1005161325181},
  author = {Grevesse, N. and Sauval, A. J.},
  month = may,
  year = {1998},
  pages = {161}
}

@article{Schwab:2017epw,
  title = {The Importance of {{Urca}}-Process Cooling in Accreting {{ONe}} White Dwarfs},
  volume = {472},
  number = {3},
  journal = {Monthly Notices of the Royal Astronomical Society},
  doi = {10.1093/mnras/stx2169},
  author = {Schwab, Josiah and Bildsten, Lars and Quataert, Eliot},
  month = dec,
  year = {2017},
  pages = {3390}
}

@article{Sato:2015spa,
  title = {A {{Systematic Study}} of {{Carbon}}-{{Oxygen White Dwarf Mergers}}: {{Mass Combinations}} for {{Type Ia Supernovae}}},
  volume = {807},
  number = {1},
  journal = {The Astrophysical Journal},
  doi = {10.1088/0004-637X/807/1/105},
  author = {Sato, Yushi and Nakasato, Naohito and Tanikawa, Ataru and Nomoto, Ken'ichi and Maeda, Keiichi and Hachisu, Izumi},
  month = jul,
  year = {2015},
  pages = {105}
}

@article{kirshner1973,
  title = {The Spectra of Supernovae.},
  volume = {185},
  journal = {The Astrophysical Journal},
  doi = {10.1086/152417},
  author = {Kirshner, R. P. and Oke, J. B. and Penston, M. V. and Searle, L.},
  month = oct,
  year = {1973},
  pages = {303}
}

@article{chanlaridis2019,
  title = {Helium Stars as Progenitors of Thermonuclear Supernovae: Dependence on Metallicity and Overshooting},
  volume = {},
  journal = {in prep.},
  doi = {},
  author = {Chanlaridis, S. and Antoniadis, J. and Gr\"{a}fener, G. and Langer, N.},
  year = {2019},
  pages = {}
}

@article{kippenhahn1980,
  title = {The Time Scale of Thermohaline Mixing in Stars},
  volume = {91},
  number = {1-2},
  journal = {Astronomy and Astrophysics},
  author = {Kippenhahn, R. and Ruschenplatt, G. and Thomas, H.-C.},
  month = nov,
  year = {1980},
  pages = {175}
}

@article{langer1983,
  title = {Semiconvective Diffusion and Energy Transport},
  volume = {126},
  issn = {0004-6361},
  number = {1},
  journal = {Astronomy and Astrophysics},
  author = {Langer, N. and Fricke, K. J. and Sugimoto, D.},
  month = sep,
  year = {1983},
  pages = {207}
}

@article{Pritchet:2008np,
  title = {The {{Progenitors}} of {{Type Ia Supernovae}}},
  volume = {683},
  number = {1},
  journal = {The Astrophysical Journal},
  doi = {10.1086/591314},
  author = {Pritchet, Christopher J. and Howell, D. Andrew and Sullivan, Mark},
  month = aug,
  year = {2008},
  pages = {L25}
}

@misc{robert_farmer_2018_1441329,
  author       = {Robert Farmer},
  title        = {rjfarmer/mesaplot},
  month        = oct,
  year         = 2018,
  doi          = {10.5281/zenodo.1441329},
  url          = {https://doi.org/10.5281/zenodo.1441329}
}

@article{Sana:2012px,
  title = {Binary {{Interaction Dominates}} the {{Evolution}} of {{Massive Stars}}},
  volume = {337},
  number = {6093},
  journal = {Science},
  doi = {10.1126/science.1223344},
  author = {Sana, H. and {de Mink}, S. E. and {de Koter}, A. and Langer, N. and Evans, C. J. and Gieles, M. and Gosset, E. and Izzard, R. G. and Le Bouquin, J.-B. and Schneider, F. R. N.},
  month = jul,
  year = {2012},
  pages = {444}
}

@article{Tauris:2015xra,
  title = {Ultra-Stripped Supernovae: Progenitors and Fate},
  volume = {451},
  issn = {0035-8711},
  number = {2},
  journal = {Monthly Notices of the Royal Astronomical Society},
  doi = {10.1093/mnras/stv990},
  author = {Tauris, Thomas M. and Langer, Norbert and Podsiadlowski, Philipp},
  month = aug,
  year = {2015},
  pages = {2123-2144}
}

@article{claeys2014a,
  title = {Theoretical Uncertainties of the {{Type Ia}} Supernova Rate},
  volume = {563},
  copyright = {\textcopyright{} ESO, 2014},
  issn = {0004-6361, 1432-0746},
  journal = {Astronomy \& Astrophysics},
  doi = {10.1051/0004-6361/201322714},
  author = {Claeys, J. S. W. and Pols, O. R. and Izzard, R. G. and Vink, J. and Verbunt, F. W. M.},
  month = mar,
  year = {2014},
  pages = {A83}
}

@article{Taubenberger:2017hoo,
  title = {The {{Extremes}} of {{Thermonuclear Supernovae}}},
  journal = {Handbook of Supernovae},
  doi = {10.1007/978-3-319-21846-5_37},
  author = {Taubenberger, Stefan},
  year = {2017},
  pages = {317}
}

@article{brooks2017,
  title = {Convection {{Destroys}} the {{Core}}/{{Mantle Structure}} in {{Hybrid C}}/{{O}}/{{Ne White Dwarfs}}},
  volume = {834},
  journal = {The Astrophysical Journal},
  doi = {10.3847/2041-8213/834/2/L9},
  author = {Brooks, Jared and Schwab, Josiah and Bildsten, Lars and Quataert, Eliot and Paxton, Bill},
  month = jan,
  year = {2017},
  pages = {L9}
}


@article{Poelarends:2007ip,
  title = {The {{Supernova Channel}} of {{Super}}-{{AGB Stars}}},
  volume = {675},
  number = {1},
  journal = {The Astrophysical Journal},
  doi = {10.1086/520872},
  author = {Poelarends, A. J. T. and Herwig, F. and Langer, N. and Heger, A.},
  month = mar,
  year = {2008},
  pages = {614}
}




@article{Owocki:2004zz,
  title = {A {{Porosity}}-{{Length Formalism}} for {{Photon}}-{{Tiring}}-Limited {{Mass Loss}} from {{Stars}} above the {{Eddington Limit}}},
  volume = {616},
  number = {1},
  journal = {The Astrophysical Journal},
  doi = {10.1086/424910},
  author = {Owocki, Stanley P. and Gayley, Kenneth G. and Shaviv, Nir J.},
  month = nov,
  year = {2004},
  pages = {525}
}

@ARTICLE{Smith2006,
   author = {{Smith}, N. and {Owocki}, S.~P.},
    title = "{On the Role of Continuum-driven Eruptions in the Evolution of Very Massive Stars and Population III Stars}",
  journal = {\apjl},
   eprint = {astro-ph/0606174},
 keywords = {Instabilities, Stars: Evolution, Stars: Mass Loss, Stars: Winds, Outflows},
     year = 2006,
    month = jul,
   volume = 645,
    pages = {L45-L48},
      doi = {10.1086/506523},
   adsurl = {https://ui.adsabs.harvard.edu/abs/2006ApJ...645L..45S},
  adsnote = {Provided by the SAO/NASA Astrophysics Data System}
}

@article{marquardt2015,
  title = {Type {{Ia}} Supernovae from Exploding Oxygen-Neon White Dwarfs},
  volume = {580},
  journal = {Astronomy and Astrophysics},
  doi = {10.1051/0004-6361/201525761},
  author = {Marquardt, Kai S. and Sim, Stuart A. and Ruiter, Ashley J. and Seitenzahl, Ivo R. and Ohlmann, Sebastian T. and Kromer, Markus and Pakmor, R{\"u}diger and R{\"o}pke, Friedrich K.},
  month = aug,
  year = {2015},
  pages = {A118}
}



@article{claeys2014,
  title = {Theoretical Uncertainties of the {{Type Ia}} Supernova Rate},
  volume = {563},
  journal = {Astronomy and Astrophysics},
  doi = {10.1051/0004-6361/201322714},
  author = {Claeys, J. S. W. and Pols, O. R. and Izzard, R. G. and Vink, J. and Verbunt, F. W. M.},
  month = mar,
  year = {2014},
  pages = {A83}
}



@article{Maoz:2010pz,
  title = {The Supernova Rate and Delay Time Distribution in the {{Magellanic Clouds}}},
  volume = {407},
  number = {2},
  journal = {Monthly Notices of the Royal Astronomical Society},
  doi = {10.1111/j.1365-2966.2010.16988.x},
  author = {Maoz, Dan and Badenes, Carles},
  month = sep,
  year = {2010},
  pages = {1314}
}


@INPROCEEDINGS{waldman2008,
       author = {{Waldman}, R. and {Yungelson}, L.~R. and {Barkat}, Z.},
        title = "{Helium Stars as Supernova Progenitors}",
     keywords = {Astrophysics},
    booktitle = {Hydrogen-Deficient Stars},
         year = "2008",
       editor = {{Werner}, A. and {Rauch}, T.},
       series = {Astronomical Society of the Pacific Conference Series},
       volume = {391},
        month = "Jul",
        pages = {359},
archivePrefix = {arXiv},
       eprint = {0710.3911},
 primaryClass = {astro-ph},
       adsurl = {https://ui.adsabs.harvard.edu/abs/2008ASPC..391..359W},
      adsnote = {Provided by the SAO/NASA Astrophysics Data System}
}



@article{waldman2006a,
  title = {The {{Evolution}} of {{Low Mass Helium Stars}} towards {{Supernova Type I Explosion}}},
  journal = {Ph.D. Thesis},
  author = {Waldman, Roni and Barkat, Zalman},
  month = may,
  year = {2006}
}


@article{siess2006,
  title = {Evolution of Massive {{AGB}} Stars. {{I}}. {{Carbon}} Burning Phase},
  volume = {448},
  number = {2},
  journal = {Astronomy and Astrophysics},
  doi = {10.1051/0004-6361:20053043},
  author = {Siess, L.},
  month = mar,
  year = {2006},
  pages = {717}
}


@article{Chiotellis:2011jy,
  title = {The Imprint of a Symbiotic Binary Progenitor on the Properties of {{Kepler}}'s Supernova Remnant},
  volume = {537},
  copyright = {\textcopyright{} ESO, 2012},
  issn = {0004-6361, 1432-0746},
  journal = {Astronomy \& Astrophysics},
  doi = {10.1051/0004-6361/201014754},
  author = {Chiotellis, A. and Schure, K. M. and Vink, J.},
  month = jan,
  year = {2012},
  pages = {A139}
}





@INBOOK{Seitenzahl2017,
       author = {{Seitenzahl}, Ivo Rolf and {Townsley}, Dean M.},
        title = "{Nucleosynthesis in Thermonuclear Supernovae}",
     keywords = {Physics, Astrophysics - Solar and Stellar Astrophysics, Astrophysics - High Energy Astrophysical Phenomena},
    booktitle = {Handbook of Supernovae, ISBN 978-3-319-21845-8. Springer International Publishing AG, 2017, p. 1955},
         year = "2017",
        pages = {1955},
          doi = {10.1007/978-3-319-21846-5_87},
       adsurl = {https://ui.adsabs.harvard.edu/abs/2017hsn..book.1955S},
      adsnote = {Provided by the SAO/NASA Astrophysics Data System}
}


@ARTICLE{kim2019,
       author = {{Kim}, Young-Lo and {Kang}, Yijung and {Lee}, Young-Wook},
        title = "{Environmental Dependence of Type Ia Supernova Luminosities from the YONSEI Supernova Catalog}",
      journal = {arXiv e-prints},
     keywords = {Astrophysics - Cosmology and Nongalactic Astrophysics, Astrophysics - Astrophysics of Galaxies},
         year = "2019",
        month = "Aug",
          eid = {arXiv:1908.10375},
        pages = {arXiv:1908.10375},
archivePrefix = {arXiv},
       eprint = {1908.10375},
 primaryClass = {astro-ph.CO},
       adsurl = {https://ui.adsabs.harvard.edu/abs/2019arXiv190810375K},
      adsnote = {Provided by the SAO/NASA Astrophysics Data System}
}

































































